
  <marc:record>
    <marc:leader>00907nam a22002890  450 </marc:leader>
    <marc:controlfield tag="001">26452910</marc:controlfield>
    <marc:controlfield tag="005">20100208112122.0</marc:controlfield>
    <marc:controlfield tag="008">000000s2006    dk            00| f dan d</marc:controlfield>
    <marc:datafield tag="020" ind1=" " ind2=" ">
      <marc:subfield code="c">kr. 299,00</marc:subfield>
    </marc:datafield>
    <marc:datafield tag="020" ind1=" " ind2=" ">
      <marc:subfield code="a">8770530149</marc:subfield>
    </marc:datafield>
    <marc:datafield tag="041" ind1="1" ind2=" ">
      <marc:subfield code="a">dan</marc:subfield>
      <marc:subfield code="h">swe</marc:subfield>
    </marc:datafield>
    <marc:datafield tag="084" ind1=" " ind2=" ">
      <marc:subfield code="a">87:26</marc:subfield>
      <marc:subfield code="2">z</marc:subfield>
    </marc:datafield>
    <marc:datafield tag="100" ind1="1" ind2=" ">
      <marc:subfield code="a">Larsson, Stieg</marc:subfield>
      <marc:subfield code="d">1954-2004</marc:subfield>
      <marc:subfield code="e">author</marc:subfield>
      <marc:subfield code="4">aut</marc:subfield>
      <marc:subfield code="1">http://viaf.org/viaf/54441441</marc:subfield>
    </marc:datafield>
    <marc:datafield tag="240" ind1="1" ind2="0">
      <marc:subfield code="a">Flickan som lekte med elden.</marc:subfield>
      <marc:subfield code="l">Dansk</marc:subfield>
      <marc:subfield code="1">http://viaf.org/viaf/1965149068358065730000</marc:subfield>
    </marc:datafield>
    <marc:datafield tag="245" ind1="1" ind2="0">
      <marc:subfield code="a">Pigen der legede med ilden /</marc:subfield>
      <marc:subfield code="c">Stieg Larsson ; oversat af Kamilla Jørgensen.</marc:subfield>
    </marc:datafield>
    <marc:datafield tag="250" ind1=" " ind2=" ">
      <marc:subfield code="a">1. oplag.</marc:subfield>
    </marc:datafield>
    <marc:datafield tag="260" ind1=" " ind2=" ">
      <marc:subfield code="a">[Aarhus] :</marc:subfield>
      <marc:subfield code="b">Modtryk,</marc:subfield>
      <marc:subfield code="c">2006.</marc:subfield>
    </marc:datafield>
    <marc:datafield tag="300" ind1=" " ind2=" ">
      <marc:subfield code="a">605 sider.</marc:subfield>
    </marc:datafield>
      <marc:datafield tag="336" ind1=" " ind2=" ">
          <marc:subfield code="a">text</marc:subfield>
          <marc:subfield code="b">txt</marc:subfield>
          <marc:subfield code="0">http://rdaregistry.info/termList/RDAContentType/1020</marc:subfield>
          <marc:subfield code="2">rdacontent</marc:subfield>
      </marc:datafield>
      <marc:datafield tag="337" ind1=" " ind2=" ">
          <marc:subfield code="a">unmediated</marc:subfield>
          <marc:subfield code="b">n</marc:subfield>
          <marc:subfield code="0">http://rdaregistry.info/termList/RDAMediaType/1007</marc:subfield>
          <marc:subfield code="2">rdamedia</marc:subfield>
      </marc:datafield>
      <marc:datafield tag="338" ind1=" " ind2=" ">
          <marc:subfield code="a">volume</marc:subfield>
          <marc:subfield code="b">nc</marc:subfield>
          <marc:subfield code="0">http://rdaregistry.info/termList/RDACarrierType/1049</marc:subfield>
          <marc:subfield code="2">rdacarrier</marc:subfield>
      </marc:datafield>
      <marc:datafield tag="380" ind1=" " ind2=" ">
          <marc:subfield code="a">novel</marc:subfield>
          <marc:subfield code="2">marcgt</marc:subfield>
      </marc:datafield>
    <marc:datafield tag="440" ind1=" " ind2=" ">
      <marc:subfield code="a">Millennium ;</marc:subfield>
      <marc:subfield code="v">2. bind</marc:subfield>
    </marc:datafield>
    <marc:datafield tag="520" ind1="8" ind2=" ">
      <marc:subfield code="a">Krimi, hvor Lisbeth Salander sammen med journalisten Mikael Blomkvist kommer p ̄sporet af bagmn̆dene til trafficking, men undervejs anklages for mord.</marc:subfield>
    </marc:datafield>
    <marc:datafield tag="534" ind1=" " ind2=" ">
      <marc:subfield code="a">Originaludgave: 2006.</marc:subfield>
    </marc:datafield>
    <marc:datafield tag="534" ind1=" " ind2=" ">
      <marc:subfield code="a">1. oplag. 2006.</marc:subfield>
    </marc:datafield>
    <marc:datafield tag="650" ind1=" " ind2="4">
      <marc:subfield code="a">krimi.</marc:subfield>
    </marc:datafield>
    <marc:datafield tag="650" ind1=" " ind2="4">
      <marc:subfield code="a">prostitution.</marc:subfield>
    </marc:datafield>
    <marc:datafield tag="650" ind1=" " ind2="4">
      <marc:subfield code="a">trafficking.</marc:subfield>
    </marc:datafield>
    <marc:datafield tag="650" ind1=" " ind2="4">
      <marc:subfield code="a">2000-2009.</marc:subfield>
    </marc:datafield>
    <marc:datafield tag="650" ind1=" " ind2="4">
      <marc:subfield code="a">Sverige.</marc:subfield>
    </marc:datafield>
  </marc:record>