
  <marc:record>
    <marc:leader>01239nim a22003370  450 </marc:leader>
    <marc:controlfield tag="001">26595932</marc:controlfield>
    <marc:controlfield tag="005">20151106233620.0</marc:controlfield>
    <marc:controlfield tag="007">s|||||||||||||</marc:controlfield>
    <marc:controlfield tag="008">000000r20112006dk                | dan d</marc:controlfield>
    <marc:datafield tag="020" ind1=" " ind2=" ">
      <marc:subfield code="c">kr. 625,00</marc:subfield>
    </marc:datafield>
    <marc:datafield tag="041" ind1="1" ind2=" ">
      <marc:subfield code="a">dan</marc:subfield>
      <marc:subfield code="h">swe</marc:subfield>
    </marc:datafield>
    <marc:datafield tag="084" ind1=" " ind2=" ">
      <marc:subfield code="a">87:26</marc:subfield>
      <marc:subfield code="2">z</marc:subfield>
    </marc:datafield>
    <marc:datafield tag="100" ind1="1" ind2=" ">
      <marc:subfield code="a">Larsson, Stieg</marc:subfield>
      <marc:subfield code="d">1954-2004</marc:subfield>
      <marc:subfield code="4">aut</marc:subfield>
      <marc:subfield code="1">http://viaf.org/viaf/54441441</marc:subfield>
    </marc:datafield>
    <marc:datafield tag="240" ind1="1" ind2="0">
      <marc:subfield code="a">Flickan som lekte med elden</marc:subfield>
      <marc:subfield code="l">Dansk</marc:subfield>
      <marc:subfield code="1">http://viaf.org/viaf/1965149068358065730000</marc:subfield>
    </marc:datafield>
    <marc:datafield tag="245" ind1="1" ind2="0">
      <marc:subfield code="a">Pigen der legede med ilden /</marc:subfield>
      <marc:subfield code="c">Stieg Larsson ; oversat af: Kamilla Jørgensen ; indlæst af: Torben Sekov.</marc:subfield>
    </marc:datafield>
    <marc:datafield tag="250" ind1=" " ind2=" ">
      <marc:subfield code="a">[Nyt oplag].</marc:subfield>
    </marc:datafield>
    <marc:datafield tag="260" ind1=" " ind2=" ">
      <marc:subfield code="a">[¿rhus] :</marc:subfield>
      <marc:subfield code="b">Modtryk,</marc:subfield>
      <marc:subfield code="c">2011.</marc:subfield>
    </marc:datafield>
    <marc:datafield tag="300" ind1=" " ind2=" ">
      <marc:subfield code="a">20 cd'er i 1 mappe (25 t., 41 min.)</marc:subfield>
    </marc:datafield>
    <!-- Lydbok! 3xx -->
      <marc:datafield tag="336" ind1=" " ind2=" ">
          <marc:subfield code="a">spoken word</marc:subfield>
          <marc:subfield code="b">spw</marc:subfield>
          <marc:subfield code="0">http://rdaregistry.info/termList/RDAContentType/1020</marc:subfield>
          <marc:subfield code="2">rdacontent</marc:subfield>
      </marc:datafield>
      <marc:datafield tag="337" ind1=" " ind2=" ">
          <marc:subfield code="a">audio</marc:subfield>
          <marc:subfield code="b">s</marc:subfield>
          <marc:subfield code="0">http://rdaregistry.info/termList/RDAMediaType/1001</marc:subfield>
          <marc:subfield code="2">rdamedia</marc:subfield>
      </marc:datafield>
      <marc:datafield tag="338" ind1=" " ind2=" ">
          <marc:subfield code="a">audio disc</marc:subfield>
          <marc:subfield code="b">sd</marc:subfield>
          <marc:subfield code="0">http://rdaregistry.info/termList/RDACarrierType/1004</marc:subfield>
          <marc:subfield code="2">rdacarrier</marc:subfield>
      </marc:datafield> 
      <marc:datafield tag="380" ind1=" " ind2=" ">
          <marc:subfield code="a">novel</marc:subfield>
          <marc:subfield code="2">marcgt</marc:subfield>
      </marc:datafield>  
    <marc:datafield tag="440" ind1=" " ind2=" ">
      <marc:subfield code="a">Millennium-trilogien ;</marc:subfield>
      <marc:subfield code="v">2. bind</marc:subfield>
    </marc:datafield>
    <marc:datafield tag="520" ind1="8" ind2=" ">
      <marc:subfield code="a">Krimi, hvor Lisbeth Salander sammen med journalisten Mikael Blomkvist kommer p ̄sporet af bagmn̆dene til trafficking, men undervejs anklages for mord.</marc:subfield>
    </marc:datafield>
    <marc:datafield tag="534" ind1=" " ind2=" ">
      <marc:subfield code="a">Gengivelse af bogen.</marc:subfield>
    </marc:datafield>
    <marc:datafield tag="534" ind1=" " ind2=" ">
      <marc:subfield code="a">Indls̆t efter 1. udgave. 200626452910978877053014987-7053-014-9.</marc:subfield>
    </marc:datafield>
    <marc:datafield tag="534" ind1=" " ind2=" ">
      <marc:subfield code="a">Tidligere: 1. udgave. 2006. (1. oplag med serietitel: Millennium. ¿rhus : Modtryk AV).</marc:subfield>
    </marc:datafield>
    <marc:datafield tag="534" ind1=" " ind2=" ">
      <marc:subfield code="a">Bogens originaludgave: 2006.</marc:subfield>
    </marc:datafield>
    <marc:datafield tag="650" ind1=" " ind2="4">
      <marc:subfield code="a">krimi.</marc:subfield>
    </marc:datafield>
    <marc:datafield tag="650" ind1=" " ind2="4">
      <marc:subfield code="a">prostitution.</marc:subfield>
    </marc:datafield>
    <marc:datafield tag="650" ind1=" " ind2="4">
      <marc:subfield code="a">trafficking.</marc:subfield>
    </marc:datafield>
    <marc:datafield tag="650" ind1=" " ind2="4">
      <marc:subfield code="a">2000-2009.</marc:subfield>
    </marc:datafield>
    <marc:datafield tag="650" ind1=" " ind2="4">
      <marc:subfield code="a">Sverige.</marc:subfield>
    </marc:datafield>
    <marc:datafield tag="700" ind1="1" ind2=" ">
      <marc:subfield code="a">Sekov, Torben</marc:subfield>
      <marc:subfield code="e">Narrator</marc:subfield>
      <marc:subfield code="4">nrt</marc:subfield>
      <marc:subfield code="1">http://viaf.org/viaf/307274285</marc:subfield>
    </marc:datafield>
    <marc:datafield tag="830" ind1=" " ind2=" ">
      <marc:subfield code="a">Millennium ;</marc:subfield>
      <marc:subfield code="v">2. bind.</marc:subfield>
    </marc:datafield>
  </marc:record>