
  <marc:record>
    <marc:leader>00709cam a22001450  450 </marc:leader>
    <marc:controlfield tag="001">26756294</marc:controlfield>
    <marc:controlfield tag="005">20070703232639.0</marc:controlfield>
    <marc:controlfield tag="008">000000s2007    sw            00| f swe d</marc:controlfield>
    <marc:datafield tag="084" ind1=" " ind2=" ">
      <marc:subfield code="a">87</marc:subfield>
      <marc:subfield code="2">z</marc:subfield>
    </marc:datafield>
    <marc:datafield tag="100" ind1="1" ind2=" ">
      <marc:subfield code="a">Larsson, Stieg</marc:subfield>
      <marc:subfield code="d">1954-2004</marc:subfield>
      <marc:subfield code="4">aut</marc:subfield>
      <marc:subfield code="1">http://viaf.org/viaf/54441441</marc:subfield>
    </marc:datafield>
    <marc:datafield tag="240" ind1="1" ind2="0">
      <marc:subfield code="a">Luftslottet som sprängdes</marc:subfield>
      <marc:subfield code="l">Dansk</marc:subfield>
      <marc:subfield code="1">http://viaf.org/viaf/175978173</marc:subfield>
    </marc:datafield>
    <marc:datafield tag="245" ind1="1" ind2="0">
      <marc:subfield code="a">Luftslottet som sprängdes /</marc:subfield>
      <marc:subfield code="c">Stieg Larsson.</marc:subfield>
    </marc:datafield>
    <marc:datafield tag="260" ind1=" " ind2=" ">
      <marc:subfield code="a">Stockholm :</marc:subfield>
      <marc:subfield code="b">Norstedts,</marc:subfield>
      <marc:subfield code="c">2007.</marc:subfield>
    </marc:datafield>
    <marc:datafield tag="300" ind1=" " ind2=" ">
      <marc:subfield code="a">703 sider.</marc:subfield>
    </marc:datafield>
      <marc:datafield tag="336" ind1=" " ind2=" ">
          <marc:subfield code="a">text</marc:subfield>
          <marc:subfield code="b">txt</marc:subfield>
          <marc:subfield code="0">http://rdaregistry.info/termList/RDAContentType/1020</marc:subfield>
          <marc:subfield code="2">rdacontent</marc:subfield>
      </marc:datafield>
      <marc:datafield tag="337" ind1=" " ind2=" ">
          <marc:subfield code="a">unmediated</marc:subfield>
          <marc:subfield code="b">n</marc:subfield>
          <marc:subfield code="0">http://rdaregistry.info/termList/RDAMediaType/1007</marc:subfield>
          <marc:subfield code="2">rdamedia</marc:subfield>
      </marc:datafield>
      <marc:datafield tag="338" ind1=" " ind2=" ">
          <marc:subfield code="a">volume</marc:subfield>
          <marc:subfield code="b">nc</marc:subfield>
          <marc:subfield code="0">http://rdaregistry.info/termList/RDACarrierType/1049</marc:subfield>
          <marc:subfield code="2">rdacarrier</marc:subfield>
      </marc:datafield>
      <marc:datafield tag="380" ind1=" " ind2=" ">
          <marc:subfield code="a">novel</marc:subfield>
          <marc:subfield code="2">marcgt</marc:subfield>
      </marc:datafield>
    <marc:datafield tag="500" ind1=" " ind2=" ">
      <marc:subfield code="a">3. del af: Mñ som hatar kvinnor. Seriens indhold se denne.</marc:subfield>
    </marc:datafield>
    <marc:datafield tag="520" ind1="8" ind2=" ">
      <marc:subfield code="a">Krimi. Efter attentatet p ̄Lisbeth Salander str̄ det klart, at str̆ke krf̆ter for enhver pris vil rydde hende af vejen p ̄grund af hendes viden. Det gl̆der bd̄e Sp̃o og hendes egen far, der er lejemorder for russerne, og nu kan kun redaktr̜en p ̄"Millennium" og hans afslr̜ende artikler redde hende.</marc:subfield>
    </marc:datafield>
  </marc:record>