
  <marc:record>
    <marc:leader>00866nam a22002650  450 </marc:leader>
    <marc:controlfield tag="001">26922143</marc:controlfield>
    <marc:controlfield tag="005">20071101093341.0</marc:controlfield>
    <marc:controlfield tag="008">000000s2007    dk            00| f dan d</marc:controlfield>
    <marc:datafield tag="020" ind1=" " ind2=" ">
      <marc:subfield code="c">kr. 299,00</marc:subfield>
    </marc:datafield>
    <marc:datafield tag="041" ind1="1" ind2=" ">
      <marc:subfield code="a">dan</marc:subfield>
      <marc:subfield code="h">swe</marc:subfield>
    </marc:datafield>
    <marc:datafield tag="084" ind1=" " ind2=" ">
      <marc:subfield code="a">87:26</marc:subfield>
      <marc:subfield code="2">z</marc:subfield>
    </marc:datafield>
    <marc:datafield tag="100" ind1="1" ind2=" ">
      <marc:subfield code="a">Larsson, Stieg</marc:subfield>
      <marc:subfield code="d">1954-2004</marc:subfield>
      <marc:subfield code="4">aut</marc:subfield>
      <marc:subfield code="1">http://viaf.org/viaf/54441441</marc:subfield>
    </marc:datafield>
    <marc:datafield tag="240" ind1="1" ind2="0">
      <marc:subfield code="a">Luftslottet som sprängdes</marc:subfield>
      <marc:subfield code="l">Dansk</marc:subfield>
      <marc:subfield code="1">http://viaf.org/viaf/175978173</marc:subfield>
    </marc:datafield>
    <marc:datafield tag="245" ind1="1" ind2="0">
      <marc:subfield code="a">Luftkastellet der blev sprængt /</marc:subfield>
      <marc:subfield code="c">Stieg Larsson ; oversat af Kamilla Jørgensen.</marc:subfield>
    </marc:datafield>
    <marc:datafield tag="250" ind1=" " ind2=" ">
      <marc:subfield code="a">1. oplag.</marc:subfield>
    </marc:datafield>
    <marc:datafield tag="260" ind1=" " ind2=" ">
      <marc:subfield code="a">[Århus] :</marc:subfield>
      <marc:subfield code="b">Modtryk,</marc:subfield>
      <marc:subfield code="c">2007.</marc:subfield>
    </marc:datafield>
    <marc:datafield tag="300" ind1=" " ind2=" ">
      <marc:subfield code="a">671 sider.</marc:subfield>
    </marc:datafield>
      <marc:datafield tag="336" ind1=" " ind2=" ">
          <marc:subfield code="a">text</marc:subfield>
          <marc:subfield code="b">txt</marc:subfield>
          <marc:subfield code="0">http://rdaregistry.info/termList/RDAContentType/1020</marc:subfield>
          <marc:subfield code="2">rdacontent</marc:subfield>
      </marc:datafield>
      <marc:datafield tag="337" ind1=" " ind2=" ">
          <marc:subfield code="a">unmediated</marc:subfield>
          <marc:subfield code="b">n</marc:subfield>
          <marc:subfield code="0">http://rdaregistry.info/termList/RDAMediaType/1007</marc:subfield>
          <marc:subfield code="2">rdamedia</marc:subfield>
      </marc:datafield>
      <marc:datafield tag="338" ind1=" " ind2=" ">
          <marc:subfield code="a">volume</marc:subfield>
          <marc:subfield code="b">nc</marc:subfield>
          <marc:subfield code="0">http://rdaregistry.info/termList/RDACarrierType/1049</marc:subfield>
          <marc:subfield code="2">rdacarrier</marc:subfield>
      </marc:datafield>
      <marc:datafield tag="380" ind1=" " ind2=" ">
          <marc:subfield code="a">novel</marc:subfield>
          <marc:subfield code="2">marcgt</marc:subfield>
      </marc:datafield>
      <marc:datafield tag="440" ind1=" " ind2=" ">
      <marc:subfield code="a">Millennium ;</marc:subfield>
      <marc:subfield code="v">3. bind</marc:subfield>
    </marc:datafield>
    <marc:datafield tag="520" ind1="8" ind2=" ">
      <marc:subfield code="a">Krimi. Lisbeth Salander ligger p ̄hospitalet efter at have overlevet et skud i hovedet, men hendes makker Mikael Blomkvist fortst̆ter opklaringen af hendes sag.</marc:subfield>
    </marc:datafield>
    <marc:datafield tag="534" ind1=" " ind2=" ">
      <marc:subfield code="a">Originaludgave: 2007.</marc:subfield>
    </marc:datafield>
    <marc:datafield tag="534" ind1=" " ind2=" ">
      <marc:subfield code="a">1. oplag. 2007.</marc:subfield>
    </marc:datafield>
    <marc:datafield tag="650" ind1=" " ind2="4">
      <marc:subfield code="a">krimi.</marc:subfield>
    </marc:datafield>
    <marc:datafield tag="650" ind1=" " ind2="4">
      <marc:subfield code="a">samfundsforhold.</marc:subfield>
    </marc:datafield>
    <marc:datafield tag="650" ind1=" " ind2="4">
      <marc:subfield code="a">Sverige.</marc:subfield>
    </marc:datafield>
    <marc:datafield tag="650" ind1=" " ind2="4">
      <marc:subfield code="a">2000-2009.</marc:subfield>
    </marc:datafield>
  </marc:record>