
  <marc:record>
    <marc:leader>00863cam a22002410  450 </marc:leader>
    <marc:controlfield tag="001">44623463</marc:controlfield>
    <marc:controlfield tag="005">20090517065054.0</marc:controlfield>
    <marc:controlfield tag="008">000000s2009    uik           00| f eng d</marc:controlfield>
    <marc:datafield tag="041" ind1="1" ind2=" ">
      <marc:subfield code="a">eng</marc:subfield>
      <marc:subfield code="h">swe</marc:subfield>
    </marc:datafield>
    <marc:datafield tag="084" ind1=" " ind2=" ">
      <marc:subfield code="a">83</marc:subfield>
      <marc:subfield code="2">z</marc:subfield>
    </marc:datafield>
    <marc:datafield tag="100" ind1="1" ind2=" ">
      <marc:subfield code="a">Larsson, Stieg</marc:subfield>
      <marc:subfield code="d">1954-2004</marc:subfield>
      <marc:subfield code="4">aut</marc:subfield>
      <marc:subfield code="1">http://viaf.org/viaf/54441441</marc:subfield>
    </marc:datafield>
    <marc:datafield tag="240" ind1="1" ind2="0">
      <marc:subfield code="a">Flickan som lekte med elden</marc:subfield>
      <marc:subfield code="l">English</marc:subfield>
      <marc:subfield code="1">http://viaf.org/viaf/1965149068358065730000</marc:subfield>
    </marc:datafield>
    <marc:datafield tag="245" ind1="1" ind2="4">
      <marc:subfield code="a">The girl who played with fire /</marc:subfield>
      <marc:subfield code="c">Stieg Larsson ; translated from the Swedish by Reg Keeland.</marc:subfield>
    </marc:datafield>
    <marc:datafield tag="250" ind1=" " ind2=" ">
      <marc:subfield code="a">1. edition.</marc:subfield>
    </marc:datafield>
    <marc:datafield tag="260" ind1=" " ind2=" ">
      <marc:subfield code="a">London :</marc:subfield>
      <marc:subfield code="b">MacLehose Press,</marc:subfield>
      <marc:subfield code="c">2009.</marc:subfield>
    </marc:datafield>
    <marc:datafield tag="300" ind1=" " ind2=" ">
      <marc:subfield code="a">569 sider.</marc:subfield>
    </marc:datafield>
      <marc:datafield tag="336" ind1=" " ind2=" ">
          <marc:subfield code="a">text</marc:subfield>
          <marc:subfield code="b">txt</marc:subfield>
          <marc:subfield code="0">http://rdaregistry.info/termList/RDAContentType/1020</marc:subfield>
          <marc:subfield code="2">rdacontent</marc:subfield>
      </marc:datafield>
      <marc:datafield tag="337" ind1=" " ind2=" ">
          <marc:subfield code="a">unmediated</marc:subfield>
          <marc:subfield code="b">n</marc:subfield>
          <marc:subfield code="0">http://rdaregistry.info/termList/RDAMediaType/1007</marc:subfield>
          <marc:subfield code="2">rdamedia</marc:subfield>
      </marc:datafield>
      <marc:datafield tag="338" ind1=" " ind2=" ">
          <marc:subfield code="a">volume</marc:subfield>
          <marc:subfield code="b">nc</marc:subfield>
          <marc:subfield code="0">http://rdaregistry.info/termList/RDACarrierType/1049</marc:subfield>
          <marc:subfield code="2">rdacarrier</marc:subfield>
      </marc:datafield>
      <marc:datafield tag="380" ind1=" " ind2=" ">
          <marc:subfield code="a">novel</marc:subfield>
          <marc:subfield code="2">marcgt</marc:subfield>
      </marc:datafield>  
    <marc:datafield tag="500" ind1=" " ind2=" ">
      <marc:subfield code="a">Samhørende: The girl with the dragon tattoo ; The girl who played with fire.</marc:subfield>
    </marc:datafield>
    <marc:datafield tag="520" ind1="8" ind2=" ">
      <marc:subfield code="a">Krimi, hvor Lisbeth Salander sammen med journalisten Mikael Blomkvist kommer p ̄sporet af bagmn̆dene til trafficking, men undervejs anklages for mord.</marc:subfield>
    </marc:datafield>
    <marc:datafield tag="650" ind1=" " ind2="4">
      <marc:subfield code="a">krimi.</marc:subfield>
    </marc:datafield>
    <marc:datafield tag="650" ind1=" " ind2="4">
      <marc:subfield code="a">prostitution.</marc:subfield>
    </marc:datafield>
    <marc:datafield tag="650" ind1=" " ind2="4">
      <marc:subfield code="a">trafficking.</marc:subfield>
    </marc:datafield>
    <marc:datafield tag="650" ind1=" " ind2="4">
      <marc:subfield code="a">2000-2009.</marc:subfield>
    </marc:datafield>
    <marc:datafield tag="650" ind1=" " ind2="4">
      <marc:subfield code="a">Sverige.</marc:subfield>
    </marc:datafield>
  </marc:record>