
<!-- Libris -->
    <record>
        <leader>03384cam a22006257a 4500</leader>
        <controlfield tag="001">17121215</controlfield>
        <controlfield tag="003">SE-LIBR</controlfield>
        <controlfield tag="005">20151106142056.0</controlfield>
        <controlfield tag="008">141106s2013 fr 000 f fre c</controlfield>
        <datafield tag="020" ind1=" " ind2=" ">
            <subfield code="a">978-2-330-02577-9</subfield>
        </datafield>
        <datafield tag="035" ind1=" " ind2=" ">
            <subfield code="a">(OCoLC)ocn875030887</subfield>
        </datafield>
        <datafield tag="040" ind1=" " ind2=" ">
            <subfield code="a">LVB</subfield>
            <subfield code="b">fre</subfield>
            <subfield code="e">rda</subfield>
            <subfield code="c">LVB</subfield>
            <subfield code="d">S</subfield>
        </datafield>
        <datafield tag="041" ind1="1" ind2=" ">
            <subfield code="a">fre</subfield>
            <subfield code="h">swe</subfield>
        </datafield>
        <datafield tag="042" ind1=" " ind2=" ">
            <subfield code="9">SUEC</subfield>
        </datafield>
        <datafield tag="082" ind1="0" ind2="4">
            <subfield code="a">839.7374</subfield>
            <subfield code="2">23/swe</subfield>
        </datafield>
        <datafield tag="100" ind1="1" ind2=" ">
            <subfield code="a">Larsson, Stieg</subfield>
            <subfield code="d">1954-2004,</subfield>
            <subfield code="e">author</subfield>
            <subfield code="4">aut</subfield>
            <subfield code="1">http://viaf.org/viaf/54441441</subfield>
        </datafield>
        <datafield tag="240" ind1="1" ind2="0">
            <subfield code="a">Millennium</subfield>
            <subfield code="l">Français</subfield>
            <subfield code="1">http://viaf.org/viaf/182958364</subfield>
        </datafield>
        <datafield tag="245" ind1="1" ind2="0">
            <subfield code="a">Millénium /</subfield>
            <subfield code="c"> Stieg Larsson ; romans traduits du suédois par Lena Grumbach et Marc
                de Gouvenain. </subfield>
        </datafield>
        <datafield tag="260" ind1=" " ind2=" ">
            <subfield code="a">Arles:</subfield>
            <subfield code="b">Actes Sud,</subfield>
            <subfield code="c">2013</subfield>
        </datafield>
        <datafield tag="300" ind1=" " ind2=" ">
            <subfield code="a">1872 s.:</subfield>
        </datafield>
        <datafield tag="336" ind1=" " ind2=" ">
            <subfield code="a">text</subfield>
            <subfield code="b">txt</subfield>
            <subfield code="0">http://rdaregistry.info/termList/RDAContentType/1020</subfield>
            <subfield code="2">rdacontent</subfield>
        </datafield>
        <datafield tag="337" ind1=" " ind2=" ">
            <subfield code="a">unmediated</subfield>
            <subfield code="b">n</subfield>
            <subfield code="0">http://rdaregistry.info/termList/RDAMediaType/1007</subfield>
            <subfield code="2">rdamedia</subfield>
        </datafield>
        <datafield tag="338" ind1=" " ind2=" ">
            <subfield code="a">volume</subfield>
            <subfield code="b">nc</subfield>
            <subfield code="0">http://rdaregistry.info/termList/RDACarrierType/1049</subfield>
            <subfield code="2">rdacarrier</subfield>
        </datafield>
        <datafield tag="380" ind1=" " ind2=" ">
            <subfield code="a">book</subfield>
            <subfield code="2">marcgt</subfield>
        </datafield>
        <datafield tag="490" ind1="0" ind2=" ">
            <subfield code="a">Actes noirs</subfield>
        </datafield>
        <datafield tag="500" ind1=" " ind2=" ">
            <subfield code="a">Traduction de: Millenium.</subfield>
        </datafield>
        <datafield tag="500" ind1=" " ind2=" ">
            <subfield code="a"> Les hommes qui n'aimaient pas les femmes. La fille qui rêvait d'un
                bidon d'essence et d'une allumette. La reine dans le palais des courants d'air
            </subfield>
        </datafield>
        <datafield tag="599" ind1=" " ind2=" ">
            <subfield code="a"> Imported from: zcat.oclc.org:210/OLUCWorldCat (Do not remove)
            </subfield>
        </datafield>
        <datafield tag="700" ind1="1" ind2=" ">
            <subfield code="a">Grumbach, Lena,</subfield>
            <subfield code="e">translator</subfield>
            <subfield code="1">http://viaf.org/viaf/4930699</subfield>
            <subfield code="4">trl</subfield>
        </datafield>
        <datafield tag="700" ind1="1" ind2=" ">
            <subfield code="a">Gouvenain, Marc de,</subfield>
            <subfield code="e">translator</subfield>
            <subfield code="1">http://viaf.org/viaf/76316409</subfield>
            <subfield code="4">trl</subfield>
        </datafield>
        <datafield tag="700" ind1="1" ind2=" ">
            <subfield code="a">Larsson, Stieg</subfield>
            <subfield code="d">1954-2004.</subfield>
            <subfield code="i">Translation of</subfield>
            <subfield code="4">http://rdaregistry.info/Elements/e/translationOf.en</subfield>
            <subfield code="t">Millennium.</subfield>
            <subfield code="1">http://viaf.org/viaf/182958364</subfield>
          <!-- $t =verk, URIen går til millennium -->
        </datafield>
        <datafield tag="700" ind1="1" ind2="2">
            <subfield code="a">Larsson, Stieg</subfield>
            <subfield code="d">1954-2004.</subfield>
            <subfield code="t">Män som hatar kvinnor.</subfield>
            <subfield code="l">Français</subfield>
            <subfield code="1">http://viaf.org/viaf/4188148523903220970001</subfield>
        </datafield>
        <datafield tag="700" ind1="1" ind2="2">
            <subfield code="a">Larsson, Stieg</subfield>
            <subfield code="d">1954-2004.</subfield>
            <subfield code="t">Flickan som lekte med elden.</subfield>
            <subfield code="l">Français</subfield>
          <subfield code="1">http://viaf.org/viaf/1965149068358065730000</subfield>
        </datafield>
        <datafield tag="700" ind1="1" ind2="2">
            <subfield code="a">Larsson, Stieg</subfield>
            <subfield code="d">1954-2004.</subfield>
            <subfield code="t">Luftslottet som sprängdes.</subfield>
            <subfield code="l">Français</subfield>
            <subfield code="1">http://viaf.org/viaf/175978173</subfield>
        </datafield>
        <datafield tag="740" ind1="4" ind2="2">
            <subfield code="a">Les hommes qui n'aimaient pas les femmes.</subfield>
        </datafield>
        <datafield tag="740" ind1="3" ind2="2">
            <subfield code="a"> La fille qui rêvait d'un bidon d'essence et d'une allumette.
            </subfield>
        </datafield>
        <datafield tag="740" ind1="3" ind2="2">
            <subfield code="a">La reine dans le palais des courants d'air.</subfield>
        </datafield>
        <datafield tag="841" ind1=" " ind2=" ">
            <subfield code="5">S</subfield>
            <subfield code="a">x a</subfield>
            <subfield code="b">141106|| |||||001||||||000000</subfield>
            <subfield code="e">1</subfield>
        </datafield>
        <datafield tag="876" ind1=" " ind2=" ">
            <subfield code="5">S</subfield>
            <subfield code="a">gåva/141106</subfield>
        </datafield>
    </record>