
    <record>
        <leader>02577cam a2200505 aa4500</leader>
        <controlfield tag="001">12033495</controlfield>
        <controlfield tag="003">SE-LIBR</controlfield>
        <controlfield tag="005">20130305153919.0</controlfield>
        <controlfield tag="008">101111s2010 gw 000 f ger c</controlfield>
        <datafield tag="015" ind1=" " ind2=" ">
            <subfield code="a">10N35</subfield>
            <subfield code="2">dnb</subfield>
        </datafield>
        <datafield tag="016" ind1="7" ind2=" ">
            <subfield code="a">1006148744</subfield>
            <subfield code="2">DE-101</subfield>
        </datafield>
        <datafield tag="020" ind1=" " ind2=" ">
            <subfield code="a">9783453267008 (GB [in Kassette].)</subfield>
        </datafield>
        <datafield tag="035" ind1=" " ind2=" ">
            <subfield code="a">(DE-101)1006148744</subfield>
        </datafield>
        <datafield tag="035" ind1=" " ind2=" ">
            <subfield code="a">(DE-599)DNB1006148744</subfield>
        </datafield>
        <datafield tag="035" ind1=" " ind2=" ">
            <subfield code="a">(DE-601)634392751</subfield>
        </datafield>
        <datafield tag="040" ind1=" " ind2=" ">
            <subfield code="a">GyGoGBV</subfield>
            <subfield code="b">ger</subfield>
            <subfield code="e">rakwb</subfield>
            <subfield code="d">S</subfield>
        </datafield>
        <datafield tag="041" ind1="1" ind2=" ">
            <subfield code="a">ger</subfield>
            <subfield code="h">swe</subfield>
        </datafield>
        <datafield tag="042" ind1=" " ind2=" ">
            <subfield code="9">SUEC</subfield>
        </datafield>
        <datafield tag="100" ind1="1" ind2=" ">
            <subfield code="a">Larsson, Stieg</subfield>
            <subfield code="d">1954-2004</subfield>
            <subfield code="4">aut</subfield>
            <subfield code="1">http://viaf.org/viaf/54441441</subfield>
        </datafield>
        <datafield tag="240" ind1="1" ind2="0">
            <subfield code="a">Millennium</subfield>
            <subfield code="l">Deutsch</subfield>
            <subfield code="1">http://viaf.org/viaf/182958364</subfield>
        </datafield>
        <datafield tag="245" ind1="1" ind2="4">
            <subfield code="a">Die Millennium-Trilogie :</subfield>
            <subfield code="b"> Verblendung - Verdammnis - Vergebung / Stieg Larsson ; aus dem
                Schwedischen von Wibke Kuhn </subfield>
        </datafield>
        <datafield tag="250" ind1=" " ind2=" ">
            <subfield code="a">[Limitierte Sonderausg. in Kassette]</subfield>
        </datafield>
        <datafield tag="260" ind1=" " ind2=" ">
            <subfield code="a">Munchen :</subfield>
            <subfield code="b">Heyne,</subfield>
            <subfield code="c">2010.</subfield>
        </datafield>
        <datafield tag="300" ind1=" " ind2=" ">
            <subfield code="a">687 s. ; 751 s. ; 847 s. ; c 215 mm x 135 mm.</subfield>
        </datafield>
        <datafield tag="336" ind1=" " ind2=" ">
            <subfield code="a">text</subfield>
            <subfield code="b">txt</subfield>
            <subfield code="0">http://rdaregistry.info/termList/RDAContentType/1020</subfield>
            <subfield code="2">rdacontent</subfield>
        </datafield>
        <datafield tag="337" ind1=" " ind2=" ">
            <subfield code="a">unmediated</subfield>
            <subfield code="b">n</subfield>
            <subfield code="0">http://rdaregistry.info/termList/RDAMediaType/1007</subfield>
            <subfield code="2">rdamedia</subfield>
        </datafield>
        <datafield tag="338" ind1=" " ind2=" ">
            <subfield code="a">volume</subfield>
            <subfield code="b">nc</subfield>
            <subfield code="0">http://rdaregistry.info/termList/RDACarrierType/1049</subfield>
            <subfield code="2">rdacarrier</subfield>
        </datafield>
        <datafield tag="380" ind1=" " ind2=" ">
            <subfield code="a">book</subfield>
            <subfield code="2">marcgt</subfield>
        </datafield>
        <datafield tag="505" ind1="0" ind2=" ">
            <subfield code="a">Verblendung -- Verdammnis -- Vergebung</subfield>
        </datafield>
        <datafield tag="599" ind1=" " ind2=" ">
            <subfield code="a">S: Förvärvas ej av KB (annan utgåva finns)</subfield>
        </datafield>
        <datafield tag="700" ind1="1" ind2="2">
            <subfield code="a">Larsson, Stieg</subfield>
            <subfield code="d">1954-2004.</subfield>
            <subfield code="t">Män som hatar kvinnor</subfield>
            <subfield code="l">Tyska</subfield>
            <subfield code="1">http://viaf.org/viaf/4188148523903220970001</subfield>
        </datafield>  
        <datafield tag="700" ind1="1" ind2="2">
            <subfield code="a">Larsson, Stieg</subfield>
            <subfield code="d">1954-2004.</subfield>
            <subfield code="t">Flickan som lekte med elden.</subfield>
            <subfield code="l">Tyska</subfield>
            <subfield code="1">http://viaf.org/viaf/1965149068358065730000</subfield>
        </datafield>
        <datafield tag="700" ind1="1" ind2="2">
            <subfield code="a">Larsson, Stieg</subfield>
            <subfield code="d">1954-2004.</subfield>
            <subfield code="t">Luftslottet som sprängdes.</subfield>
            <subfield code="l">Tyska</subfield>
            <subfield code="1">http://viaf.org/viaf/175978173</subfield>
        </datafield>
        <datafield tag="700" ind1="1" ind2=" ">
            <subfield code="a">Kuhn, Wibke,</subfield>
            <subfield code="4">trl</subfield>
          <subfield code="1">http://viaf.org/viaf/51520608</subfield>
        </datafield>
    </record>