
    <record>
        <leader>03436cam a22006137i 4500</leader>
        <controlfield tag="001">14220268</controlfield>
        <controlfield tag="003">SE-LIBR</controlfield>
        <controlfield tag="005">20171220132407.0</controlfield>
        <controlfield tag="008">130527s2012 xxu|||| |00| 0 eng d</controlfield>
        <datafield tag="020" ind1=" " ind2=" ">
            <subfield code="a">978-1-4012-3557-4 (inb.)</subfield>
        </datafield>
        <datafield tag="035" ind1=" " ind2=" ">
            <subfield code="a">(BOKR)9781401235574</subfield>
        </datafield>
        <datafield tag="040" ind1=" " ind2=" ">
            <subfield code="a">BOKR</subfield>
            <subfield code="d">S</subfield>
            <subfield code="b">swe</subfield>
            <subfield code="e">rda</subfield>
        </datafield>
        <datafield tag="042" ind1=" " ind2=" ">
            <subfield code="9">SUEC</subfield>
        </datafield>
        <datafield tag="082" ind1="0" ind2="0">
            <subfield code="a">741.5/942</subfield>
            <subfield code="2">23</subfield>
        </datafield>
        <datafield tag="084" ind1=" " ind2=" ">
            <subfield code="a">G.05</subfield>
            <subfield code="2">kssb/8 (machine generated)</subfield>
        </datafield>
        <datafield tag="100" ind1="1" ind2=" ">
          <subfield code="a">Mina, Denise</subfield>
          <subfield code="d">1966-</subfield>
          <subfield code="e">Adapter</subfield>
          <subfield code="4">adp</subfield>
          <subfield code="1">http://viaf.org/viaf/59311376</subfield>
        </datafield>
        <datafield tag="240" ind1="1" ind2="0">
          <subfield code="a">The girl with the dragon tattoo</subfield>
          <subfield code="l">English</subfield>
          <subfield code="1">http://www.worldcat.org/oclc/972684070</subfield>
        </datafield>
        <datafield tag="245" ind1="1" ind2="4">
            <subfield code="a">The girl with the dragon tattoo</subfield>
            <subfield code="n">Book 1 /</subfield>
            <subfield code="c"> adapted by Denise Mina ; art by Leonardo Manco and Andrea Mutti ;
                colors by Giulia Brusco and Patricial Mulvihill ; letters by Steven Wands ; cover by
                Lee Bermejo Leonardo Manco. </subfield>
        </datafield>
        <datafield tag="260" ind1=" " ind2=" ">
            <subfield code="a">New York :</subfield>
            <subfield code="b">DC Comics/Vertigo,</subfield>
            <subfield code="c">©2012.</subfield>
        </datafield>
        <datafield tag="264" ind1=" " ind2="1">
            <subfield code="a">New York :</subfield>
            <subfield code="b">DC Comics/Vertigo,</subfield>
            <subfield code="c">[2012]</subfield>
        </datafield>
        <datafield tag="264" ind1=" " ind2="4">
            <subfield code="c">©2012</subfield>
        </datafield>
        <datafield tag="300" ind1=" " ind2=" ">
            <subfield code="a">1 volume (unpaged) :</subfield>
            <subfield code="b">color illustrations ;</subfield>
            <subfield code="c">27 cm</subfield>
        </datafield>
        <datafield tag="336" ind1=" " ind2=" ">
            <subfield code="a">text</subfield>
            <subfield code="b">txt</subfield>
            <subfield code="0">http://rdaregistry.info/termList/RDAContentType/1020</subfield>
            <subfield code="2">rdacontent</subfield>
        </datafield>
        <datafield tag="337" ind1=" " ind2=" ">
            <subfield code="a">unmediated</subfield>
            <subfield code="b">n</subfield>
            <subfield code="0">http://rdaregistry.info/termList/RDAMediaType/1007</subfield>
            <subfield code="2">rdamedia</subfield>
        </datafield>
        <datafield tag="338" ind1=" " ind2=" ">
            <subfield code="a">volume</subfield>
            <subfield code="b">nc</subfield>
            <subfield code="0">http://rdaregistry.info/termList/RDACarrierType/1049</subfield>
            <subfield code="2">rdacarrier</subfield>
        </datafield>
        <datafield tag="380" ind1=" " ind2=" ">
            <subfield code="a">comic or graphic novel</subfield>
            <subfield code="2">marcgt</subfield>
        </datafield>
        <datafield tag="490" ind1="0" ind2=" ">
            <subfield code="a">Millennium Trilogy</subfield>
        </datafield>
        <datafield tag="500" ind1=" " ind2=" ">
            <subfield code="a"> Serieromanen är baserad på Stoeg Larssons roman : Män som hatar
                kvinnor </subfield>
        </datafield>
        <datafield tag="520" ind1=" " ind2=" ">
            <subfield code="a"> Harriet Vanger, a scion of one of Sweden's wealthiest families
                disappeared over forty years ago. All these years later, her aged uncle continues to
                seek the truth. He hires Mikael Blomkvist, a crusading journalist recently trapped
                by a libel conviction, to investigate. He is aided by the pierced and tattooed punk
                prodigy Lisbeth Salander. Together they tap into a vein of unfathomable iniquity and
                astonishing corruption. </subfield>
        </datafield>
        <datafield tag="588" ind1=" " ind2=" ">
            <subfield code="a">BOKR: Ursprungligen utgiven av Random House US</subfield>
        </datafield>
        <datafield tag="700" ind1="1" ind2=" ">
            <subfield code="a">Manco, Leonardo.</subfield>
            <subfield code="1">http://viaf.org/viaf/39686574</subfield>
            <subfield code="4">ill</subfield>
        </datafield>
        <datafield tag="700" ind1="1" ind2=" ">
            <subfield code="a">Mutti, Andrea,</subfield>
            <subfield code="d">1973-</subfield>
            <subfield code="1">http://viaf.org/viaf/245655</subfield> 
            <subfield code="4">ill</subfield>
        </datafield>
        <datafield tag="700" ind1="1" ind2=" ">
            <subfield code="a">Larsson, Stieg</subfield>
            <subfield code="d">1954-2004.</subfield>
            <subfield code="i">Adaptation of work</subfield>
            <subfield code="4">http://rdaregistry.info/Elements/w/adaptationOfWork.en</subfield>
            <subfield code="t">Män som hatar kvinnor.</subfield>
            <subfield code="l">English</subfield>
            <subfield code="1">http://viaf.org/viaf/4188148523903220970001</subfield>
        </datafield>
        <datafield tag="700" ind1="1" ind2=" ">
            <subfield code="a">Larsson, Stieg</subfield>
            <subfield code="d">1954-2004</subfield>
            <subfield code="1">http://viaf.org/viaf/54441441</subfield>
            <subfield code="4">aut</subfield>
        </datafield>
        <datafield tag="841" ind1=" " ind2=" ">
            <subfield code="5">BOKR</subfield>
            <subfield code="a">x a</subfield>
            <subfield code="b">180214||0000|||||000||||||000000</subfield>
            <subfield code="e">1</subfield>
        </datafield>
        <datafield tag="841" ind1=" " ind2=" ">
            <subfield code="5">S</subfield>
            <subfield code="a">x a</subfield>
            <subfield code="b">140627|| |||||001||||||000000</subfield>
            <subfield code="e">1</subfield>
        </datafield>
        <datafield tag="876" ind1=" " ind2=" ">
            <subfield code="5">S</subfield>
            <subfield code="a">Gåva/140627</subfield>
        </datafield>
    </record>