 
  <record>
        <leader>05123cam a22009137i 4500</leader>
        <controlfield tag="001">17581438</controlfield>
        <controlfield tag="003">SE-LIBR</controlfield>
        <controlfield tag="005">20151007170213.0</controlfield>
        <controlfield tag="008">150218s2014 it e 000 j ita d</controlfield>
        <datafield tag="020" ind1=" " ind2=" ">
            <subfield code="a">978-88-317-1937-7</subfield>
        </datafield>
        <datafield tag="020" ind1=" " ind2=" ">
            <subfield code="a">88-317-1937-8</subfield>
        </datafield>
        <datafield tag="035" ind1=" " ind2=" ">
            <subfield code="a">(OCoLC)898745670</subfield>
        </datafield>
        <datafield tag="036" ind1=" " ind2=" ">
            <subfield code="a">000006425091</subfield>
        </datafield>
        <datafield tag="040" ind1=" " ind2=" ">
            <subfield code="a">IT-TrCB</subfield>
            <subfield code="b">ita</subfield>
            <subfield code="e">NRA</subfield>
            <subfield code="c">ITCBT</subfield>
            <subfield code="d">Hdf</subfield>
        </datafield>
        <datafield tag="041" ind1="1" ind2=" ">
            <subfield code="a">ita</subfield>
            <subfield code="h">eng</subfield>
            <subfield code="h">swe</subfield>
        </datafield>
        <datafield tag="042" ind1=" " ind2=" ">
            <subfield code="9">SUEC</subfield>
        </datafield>
        <datafield tag="082" ind1="1" ind2="4">
            <subfield code="a">839.73087208</subfield>
            <subfield code="2">23/swe</subfield>
        </datafield>
      <!-- a darker shade of sweden - worldcat som kilde for URI -->
        <datafield tag="130" ind1="2" ind2=" ">
            <subfield code="a">A darker shade of Sweden.</subfield>
            <subfield code="l">Italiano</subfield>
            <subfield code="1">http://www.worldcat.org/oclc/881688558</subfield>
        </datafield>
        <datafield tag="245" ind1="1" ind2="0">
            <subfield code="a">GialloSvezia :</subfield>
            <subfield code="b">racconti inediti dei maestri del giallo svedese /</subfield>
            <subfield code="c"> Åsa Larsson, Stieg Larsson, Henning Mankell e altri ; a cura di
                John-Henri Holmberg ; traduzione di Alessandro Bassini. </subfield>
        </datafield>
        <datafield tag="260" ind1=" " ind2=" ">
            <subfield code="a">Venezia :</subfield>
            <subfield code="b">Marsilio,</subfield>
            <subfield code="c">2014.</subfield>
        </datafield>
        <datafield tag="300" ind1=" " ind2=" ">
            <subfield code="a">375 p. ;</subfield>
            <subfield code="c">21 cm</subfield>
        </datafield>
        <datafield tag="336" ind1=" " ind2=" ">
            <subfield code="a">text</subfield>
            <subfield code="b">txt</subfield>
            <subfield code="0">http://rdaregistry.info/termList/RDAContentType/1020</subfield>
            <subfield code="2">rdacontent</subfield>
        </datafield>
        <datafield tag="337" ind1=" " ind2=" ">
            <subfield code="a">unmediated</subfield>
            <subfield code="b">n</subfield>
            <subfield code="0">http://rdaregistry.info/termList/RDAMediaType/1007</subfield>
             <subfield code="2">rdamedia</subfield>
        </datafield>
        <datafield tag="338" ind1=" " ind2=" ">
            <subfield code="a">volume</subfield>
            <subfield code="b">nc</subfield>
            <subfield code="0">http://rdaregistry.info/termList/RDACarrierType/1049</subfield>
            <subfield code="2">rdacarrier</subfield>
        </datafield>
        <datafield tag="380" ind1=" " ind2=" ">
            <subfield code="a">book</subfield>
            <subfield code="2">marcgt</subfield>
         </datafield>
        <datafield tag="490" ind1="1" ind2=" ">
            <subfield code="a">Farfalle / [Marsilio]. Giallo Svezia</subfield>
        </datafield>
        <datafield tag="500" ind1=" " ind2=" ">
            <subfield code="a"> Originalen på svenska. - Översättning från den engelska utgåvan med
                titeln: A darker shade of Sweden </subfield>
        </datafield>
        <datafield tag="650" ind1=" " ind2="4">
            <subfield code="a"> Letteratura poliziesca svedese - Sec.20.-21. - Antologie.
            </subfield>
        </datafield>
        <datafield tag="700" ind1="1" ind2=" ">
            <subfield code="a">Larsson, Åsa,</subfield>
            <subfield code="d">1966-</subfield>
            <subfield code="4">aut</subfield>
            <subfield code="0">216330</subfield>
        </datafield>
        <datafield tag="700" ind1="1" ind2=" ">
            <subfield code="a">Larsson, Stieg</subfield>
            <subfield code="d">1954-2004</subfield>
            <subfield code="e">author</subfield>
            <subfield code="4">aut</subfield>
          <subfield code="1">http://viaf.org/viaf/54441441</subfield>
        </datafield>
        <datafield tag="700" ind1="1" ind2=" ">
            <subfield code="a">Mankell, Henning,</subfield>
            <subfield code="d">1948-2015</subfield>
            <subfield code="4">aut</subfield>
            <subfield code="0">195636</subfield>
        </datafield>
        <datafield tag="700" ind1="1" ind2=" ">
            <subfield code="a">Holmberg, John-Henri,</subfield>
            <subfield code="d">1949-</subfield>
            <subfield code="e">Editor</subfield>
            <subfield code="4">edt</subfield>
          <subfield code="1">http://viaf.org/viaf/30832323</subfield>
        </datafield>
        <datafield tag="700" ind1="1" ind2=" ">
            <subfield code="a">Bassini, Alessandro</subfield>
            <subfield code="4">trl</subfield>
            <subfield code="1">http://viaf.org/viaf/120503600</subfield>
        </datafield>
        <datafield tag="830" ind1=" " ind2="0">
            <subfield code="a">Farfalle / [Marsilio].</subfield>
            <subfield code="p">Giallo Svezia.</subfield>
        </datafield>
        <datafield tag="841" ind1=" " ind2=" ">
            <subfield code="5">Hdf</subfield>
            <subfield code="a">x a</subfield>
            <subfield code="b">1502184u 8 1001uu 0901128</subfield>
            <subfield code="e">4</subfield>
        </datafield>
        <datafield tag="841" ind1=" " ind2=" ">
            <subfield code="5">S</subfield>
            <subfield code="a">x a</subfield>
            <subfield code="b">150221|| |||||001||||||000000</subfield>
            <subfield code="e">1</subfield>
        </datafield>
        <datafield tag="876" ind1=" " ind2=" ">
            <subfield code="5">S</subfield>
            <subfield code="a">150319/dlb</subfield>
        </datafield>
    </record>