
    <record>
        <leader>02633nam a22005173a 4500</leader>
        <controlfield tag="001">11852913</controlfield>
        <controlfield tag="003">SE-LIBR</controlfield>
        <controlfield tag="005">20100518165752.0</controlfield>
        <controlfield tag="008">100518s2009 sw | ||swe c</controlfield>
        <datafield tag="028" ind1="4" ind2="0">
            <subfield code="a">1526911</subfield>
        </datafield>
        <datafield tag="040" ind1=" " ind2=" ">
            <subfield code="a">Mo</subfield>
        </datafield>
        <datafield tag="041" ind1="0" ind2=" ">
            <subfield code="a">swe</subfield>
        </datafield>
        <datafield tag="082" ind1="0" ind2="4">
            <subfield code="a">839.72</subfield>
            <subfield code="2">22 (machine generated)</subfield>
        </datafield>
        <datafield tag="084" ind1=" " ind2=" ">
            <subfield code="a">Hc.025/VC</subfield>
            <subfield code="2">kssb/8</subfield>
        </datafield>
        <datafield tag="130" ind1="1" ind2="0">
            <subfield code="a">Flickan som lekte med elden</subfield>
            <subfield code="l">Svenska</subfield>
            <subfield code="1">https://www.imdb.com/title/tt1216487/</subfield>
        </datafield>
        <datafield tag="245" ind1="1" ind2="0">
            <subfield code="a">Flickan som lekte med elden</subfield>
            <subfield code="h">[Hyrvideo (DVD)] /</subfield>
            <subfield code="c">regi: Daniel Alfredson</subfield>
        </datafield>
        <datafield tag="260" ind1=" " ind2=" ">
            <subfield code="a">Danderyd :</subfield>
            <subfield code="b">Nordisk Film,</subfield>
            <subfield code="c">2009</subfield>
        </datafield>
        <datafield tag="300" ind1=" " ind2=" ">
            <subfield code="a">1 DVD-Video (2 tim., 4 min.) :</subfield>
            <subfield code="b">ljud, färg</subfield>
        </datafield>
      <!-- 3xx motion pic/dvd-->
      <datafield tag="336" ind1=" " ind2=" ">
        <subfield code="a">moving image</subfield>
        <subfield code="b">txt</subfield>
        <subfield code="0">http://rdaregistry.info/termList/RDAContentType/1020</subfield>
        <subfield code="2">rdacontent</subfield>
      </datafield>
      <datafield tag="337" ind1=" " ind2=" ">
        <subfield code="a">video</subfield>
        <subfield code="0">http://rdaregistry.info/termList/RDAMediaType/1008</subfield>
        <subfield code="2">rdamedia</subfield>
      </datafield>
      <datafield tag="338" ind1=" " ind2=" ">
        <subfield code="a">video disc</subfield>
        <subfield code="0">http://rdaregistry.info/termList/RDACarrierType/1060</subfield>
        <subfield code="2">rdacarrier</subfield>
      </datafield>
      <datafield tag="380" ind1=" " ind2=" ">
        <subfield code="a">motion picture</subfield>
        <subfield code="2">marcgt</subfield>
      </datafield>
        <datafield tag="500" ind1=" " ind2=" ">
            <subfield code="a"> Originalfilmen: Yellow Bird Millenium Productions ..., cop. 2009
            </subfield>
        </datafield>
        <datafield tag="511" ind1="1" ind2=" ">
            <subfield code="a"> Skådespelare: Michael Nyqvist, Noomi Rapace, Lena Endre, Paolo
                Roberto, Sofia Ledarp, Per Oscarsson, Georgi Staykov Alexandra Eisenstein, Yasmine
                Garbi, Tanja Lorentzon, Magnus Krepper, Ralph Carlsson, Daniel Gustavsson ...
            </subfield>
        </datafield>
        <datafield tag="520" ind1=" " ind2=" ">
            <subfield code="a"> Bygger på romanen: Flickan som lekte med elden / Stieg Larsson
            </subfield>
        </datafield>
        <datafield tag="538" ind1=" " ind2=" ">
            <subfield code="a"> Region 2; bildformat: 16:9; ljudformat: Dolby digital 5.1, DTS
            </subfield>
        </datafield>
        <datafield tag="546" ind1=" " ind2=" ">
            <subfield code="a">Tal på svenska. Textad på svenska, finska, norska</subfield>
        </datafield>
        <datafield tag="653" ind1=" " ind2=" ">
            <subfield code="a">Hyrvideo-nytt december 2009</subfield>
        </datafield>
        <datafield tag="655" ind1=" " ind2="4">
            <subfield code="a">Video dvd</subfield>
        </datafield>
        <datafield tag="700" ind1="1" ind2=" ">
            <subfield code="a">Alfredson, Daniel</subfield>
            <subfield code="e">Film director</subfield>
            <subfield code="1">http://viaf.org/viaf/102577016</subfield>
            <subfield code="4">fmd</subfield>
        </datafield>
        <datafield tag="700" ind1="1" ind2=" ">
            <subfield code="a">Larsson, Stieg</subfield>
            <subfield code="d">1954-2004</subfield>
            <subfield code="e">Author</subfield>
            <subfield code="1">http://viaf.org/viaf/54441441</subfield>
            <subfield code="4">aut</subfield>
        </datafield>
        <datafield tag="841" ind1=" " ind2=" ">
            <subfield code="5">Mo</subfield>
            <subfield code="a">x a</subfield>
            <subfield code="b">100518||0000|||||001||||||000000</subfield>
            <subfield code="e">1</subfield>
        </datafield>
        <datafield tag="035" ind1=" " ind2=" ">
            <subfield code="5">Mo</subfield>
            <subfield code="a">(Mo)b1776819</subfield>
        </datafield>
        <datafield tag="546" ind1=" " ind2=" ">
            <subfield code="5">Mo</subfield>
            <subfield code="a">svenska</subfield>
        </datafield>
    </record>