
    <record>
        <leader>02906nam a2200613 i 4500</leader>
        <controlfield tag="001">19821112</controlfield>
        <controlfield tag="003">SE-LIBR</controlfield>
        <controlfield tag="005">20161109111313.0</controlfield>
        <controlfield tag="008">161109t20162015onc|||||||||||000 f|eng| </controlfield>
        <datafield tag="016" ind1=" " ind2=" ">
            <subfield code="a">20160020042</subfield>
        </datafield>
        <datafield tag="020" ind1=" " ind2=" ">
            <subfield code="a">9780143193333</subfield>
        </datafield>
        <datafield tag="020" ind1=" " ind2=" ">
            <subfield code="a">0143193333</subfield>
        </datafield>
        <datafield tag="035" ind1=" " ind2=" ">
            <subfield code="a">(OCoLC)ocn947927037</subfield>
        </datafield>
        <datafield tag="040" ind1=" " ind2=" ">
            <subfield code="a">NLC</subfield>
            <subfield code="b">eng</subfield>
            <subfield code="c">NLC</subfield>
            <subfield code="d">YDXCP</subfield>
            <subfield code="d">OCLCO</subfield>
            <subfield code="e">rda</subfield>
        </datafield>
        <datafield tag="041" ind1="1" ind2=" ">
            <subfield code="a">eng</subfield>
            <subfield code="h">swe</subfield>
        </datafield>
        <datafield tag="042" ind1=" " ind2=" ">
            <subfield code="9">SUEC</subfield>
        </datafield>
        <datafield tag="055" ind1="0" ind2="2">
            <subfield code="a">PT9877.22*</subfield>
        </datafield>
        <datafield tag="055" ind1="0" ind2="0">
            <subfield code="a">PT9877 .22 A44</subfield>
            <subfield code="b">D4813 2016</subfield>
        </datafield>
        <datafield tag="082" ind1="0" ind2="4">
            <subfield code="a">839.73/8</subfield>
            <subfield code="2">23</subfield>
        </datafield>
        <datafield tag="100" ind1="1" ind2=" ">
            <subfield code="a">Lagercrantz, David</subfield>
            <subfield code="d">1962-</subfield>
            <subfield code="e">author</subfield>
            <subfield code="4">aut</subfield>
            <subfield code="1">http://viaf.org/viaf/73186278</subfield>
        </datafield>
        <datafield tag="240" ind1="1" ind2="0">
            <subfield code="a">Det som inte dödar oss</subfield>
            <subfield code="l">English</subfield>
          <subfield code="1">http://viaf.org/viaf/119144782988612160450</subfield>
        </datafield>
        <datafield tag="245" ind1="1" ind2="4">
            <subfield code="a">The girl in the spider's web /</subfield>
            <subfield code="c"> David Lagercrantz ; translated from the Swedish by George Goulding.
            </subfield>
        </datafield>
        <datafield tag="264" ind1=" " ind2="1">
            <subfield code="c">2016</subfield>
        </datafield>
        <datafield tag="264" ind1=" " ind2="1">
            <subfield code="a">Toronto, Ontario, Canada :</subfield>
            <subfield code="b">Penguin,</subfield>
            <subfield code="c">2016.</subfield>
        </datafield>
        <datafield tag="264" ind1=" " ind2="4">
            <subfield code="c">©2015</subfield>
        </datafield>
        <datafield tag="300" ind1=" " ind2=" ">
            <subfield code="a">497 pages</subfield>
            <subfield code="c">21 cm.</subfield>
        </datafield>
      <datafield tag="336" ind1=" " ind2=" ">
        <subfield code="a">text</subfield>
        <subfield code="b">txt</subfield>
        <subfield code="0">http://rdaregistry.info/termList/RDAContentType/1020</subfield>
        <subfield code="2">rdacontent</subfield>
      </datafield>
      <datafield tag="337" ind1=" " ind2=" ">
        <subfield code="a">unmediated</subfield>
        <subfield code="0">http://rdaregistry.info/termList/RDAMediaType/1007</subfield>
        <subfield code="2">rdamedia</subfield>
      </datafield>
      <datafield tag="338" ind1=" " ind2=" ">
        <subfield code="a">volume</subfield>
        <subfield code="0">http://rdaregistry.info/termList/RDACarrierType/1049</subfield>
        <subfield code="2">rdacarrier</subfield>
      </datafield>
      <datafield tag="340" ind1=" " ind2=" ">
        <subfield code="b">21 cm.</subfield>
      </datafield>
      <datafield tag="380" ind1=" " ind2=" ">
        <subfield code="a">novel</subfield>
        <subfield code="2">marcgt</subfield>
      </datafield>
        <datafield tag="500" ind1=" " ind2=" ">
            <subfield code="a">Translation of: Det som inte dödar oss.</subfield>
        </datafield>
        <datafield tag="500" ind1=" " ind2=" ">
            <subfield code="a"> "Continuing Stieg Larsson's Millennium series"--Cover. </subfield>
        </datafield>
        <datafield tag="500" ind1=" " ind2=" ">
            <subfield code="a">"A Lisbeth Salander novel"--Cover.</subfield>
        </datafield>
        <datafield tag="599" ind1=" " ind2=" ">
            <subfield code="a"> Imported from: zcat.oclc.org:210/OLUCWorldCat (Do not remove)
            </subfield>
        </datafield>
        <datafield tag="599" ind1=" " ind2=" ">
            <subfield code="a">S: Förvärvas ej av KB (annan utgåva finns)</subfield>
        </datafield>
        
      <!-- 700$t på Millennium, rda=preceded by -->
        <datafield tag="700" ind1="1" ind2=" ">
            <subfield code="a">Larsson, Stieg</subfield>
            <subfield code="d">1954-2004.</subfield>
            <subfield code="i">Preceded by</subfield>
            <subfield code="4">http://rdaregistry.info/Elements/w/precededByWork.en</subfield>
            <subfield code="t">Millennium</subfield>
            <subfield code="1">http://viaf.org/viaf/182958364</subfield>
        </datafield>
        <datafield tag="700" ind1="1" ind2=" ">
            <subfield code="a">Goulding, George</subfield>
            <subfield code="c">(Translator)</subfield>
            <subfield code="e">translator</subfield>
            <subfield code="4">trl</subfield>
        </datafield>
        <datafield tag="800" ind1="1" ind2=" ">
            <subfield code="a">Lagercrantz, David</subfield>
            <subfield code="d">1962-.</subfield>
            <subfield code="t">Millennium.</subfield>
            <subfield code="l">Engelska ;</subfield>
            <subfield code="v">4</subfield>
        </datafield>
        <datafield tag="887" ind1=" " ind2=" ">
            <subfield code="a">
                {"@id":"dxq3vt5q4z7tfk8","modified":"2016-11-09T11:13:13+01:00","checksum":"115274913616"} </subfield>
            <subfield code="2">librisxl</subfield>
        </datafield>
    </record>