
    <record>
        <leader>05310cam a22010817i 4500</leader>
        <controlfield tag="001">21915207</controlfield>
        <controlfield tag="003">SE-LIBR</controlfield>
        <controlfield tag="005">20180102091244.0</controlfield>
        <controlfield tag="008">171113s2017 ci |||||||||||000 1|hrv|c</controlfield>
        <datafield tag="020" ind1=" " ind2=" ">
            <subfield code="a">9789532668995</subfield>
            <subfield code="q">häftad</subfield>
        </datafield>
        <datafield tag="040" ind1=" " ind2=" ">
            <subfield code="a">S</subfield>
            <subfield code="b">swe</subfield>
            <subfield code="e">rda</subfield>
        </datafield>
        <datafield tag="041" ind1=" " ind2=" ">
            <subfield code="a">hrv</subfield>
        </datafield>
        <datafield tag="082" ind1="0" ind2="4">
            <subfield code="a">839.738</subfield>
            <subfield code="2">23/swe</subfield>
        </datafield>
        <datafield tag="100" ind1="1" ind2=" ">
            <subfield code="a">Lagercrantz, David</subfield>
            <subfield code="d">1962-</subfield>
            <subfield code="e">author</subfield>
            <subfield code="4">aut</subfield>
            <subfield code="1">http://viaf.org/viaf/73186278</subfield>
        </datafield>
        <datafield tag="240" ind1="1" ind2="0">
            <subfield code="a">Mannen som sökte sin skugga.</subfield>
            <subfield code="l">Hrvatski</subfield>
            <subfield code="1">http://viaf.org/viaf/7375151051836633530009</subfield>
        </datafield>
        <datafield tag="245" ind1="1" ind2="0">
            <subfield code="a">Čovjek koji je lovio vlastitu sjenu /</subfield>
            <subfield code="c"> David Lagercrantz ; preveo sa švedskog Danilo Brozović.
            </subfield>
        </datafield>
        <datafield tag="264" ind1=" " ind2="1">
            <subfield code="a">Zaprešić :</subfield>
            <subfield code="b">Fraktura,</subfield>
            <subfield code="c">2017</subfield>
        </datafield>
        <datafield tag="264" ind1=" " ind2="1">
            <subfield code="a">Zaprešić :</subfield>
            <subfield code="b">Fraktura,</subfield>
            <subfield code="c">2017</subfield>
        </datafield>
        <datafield tag="300" ind1=" " ind2=" ">
            <subfield code="a">363 sidor</subfield>
        </datafield>
      <datafield tag="336" ind1=" " ind2=" ">
        <subfield code="a">text</subfield>
        <subfield code="b">txt</subfield>
        <subfield code="0">http://rdaregistry.info/termList/RDAContentType/1020</subfield>
        <subfield code="2">rdacontent</subfield>
      </datafield>
      <datafield tag="337" ind1=" " ind2=" ">
        <subfield code="a">unmediated</subfield>
        <subfield code="0">http://rdaregistry.info/termList/RDAMediaType/1007</subfield>
        <subfield code="2">rdamedia</subfield>
      </datafield>
      <datafield tag="338" ind1=" " ind2=" ">
        <subfield code="a">volume</subfield>
        <subfield code="0">http://rdaregistry.info/termList/RDACarrierType/1049</subfield>
        <subfield code="2">rdacarrier</subfield>
      </datafield>
      <datafield tag="380" ind1=" " ind2=" ">
        <subfield code="a">novel</subfield>
        <subfield code="2">marcgt</subfield>
      </datafield>
        <datafield tag="490" ind1="1" ind2=" ">
            <subfield code="a">Millennium ;</subfield>
            <subfield code="v">[5]</subfield>
        </datafield>
      <!-- Fiktive personer som emne -->
      <datafield tag="600" ind1="1" ind2="4">
        <subfield code="a">Salander, Lisbeth</subfield>
        <subfield code="c">(fiktiv gestalt)</subfield>
        <subfield code="e">other</subfield>
        <subfield code="4">oth</subfield>
        <subfield code="1">https://www.wikidata.org/wiki/Q1191282</subfield>
      </datafield>
      <datafield tag="600" ind1="1" ind2="4">
        <subfield code="a">Blomkvist, Mikael</subfield>
        <subfield code="c">(fiktiv gestalt)</subfield>
        <subfield code="e">Other</subfield>
        <subfield code="4">oth</subfield>
        <subfield code="1">https://www.wikidata.org/wiki/Q2628415</subfield>
      </datafield>
        <datafield tag="650" ind1=" " ind2="7">
            <subfield code="a">Kvinnofängelser</subfield>
            <subfield code="0">https://id.kb.se/term/sao/Kvinnof%C3%A4ngelser</subfield>
            <subfield code="2">sao</subfield>
        </datafield>
        <datafield tag="650" ind1=" " ind2="7">
            <subfield code="a">Journalister</subfield>
            <subfield code="0">https://id.kb.se/term/sao/Journalister</subfield>
            <subfield code="2">sao</subfield>
        </datafield>
        <datafield tag="650" ind1=" " ind2="7">
            <subfield code="a">Övergrepp</subfield>
            <subfield code="0">https://id.kb.se/term/sao/%C3%96vergrepp</subfield>
            <subfield code="2">sao</subfield>
        </datafield>
        <datafield tag="650" ind1=" " ind2="7">
            <subfield code="a">Finansvärlden</subfield>
            <subfield code="0">https://id.kb.se/term/sao/Finansv%C3%A4rlden</subfield>
            <subfield code="2">sao</subfield>
        </datafield>
        <datafield tag="650" ind1=" " ind2="7">
            <subfield code="a">Deckare</subfield>
            <subfield code="0">https://id.kb.se/term/sao/Deckare</subfield>
            <subfield code="2">sao</subfield>
        </datafield>
        <datafield tag="650" ind1=" " ind2="0">
            <subfield code="a">Journalists</subfield>
        </datafield>
        <datafield tag="650" ind1=" " ind2="0">
            <subfield code="a">Detective and mystery stories</subfield>
        </datafield>
        <datafield tag="655" ind1=" " ind2="7">
            <subfield code="a">Romaner</subfield>
            <subfield code="0">https://id.kb.se/term/saogf/Romaner</subfield>
            <subfield code="2">saogf</subfield>
        </datafield> 
        <datafield tag="700" ind1="1" ind2=" ">
            <subfield code="a">Larsson, Stieg</subfield>
            <subfield code="d">1954-2004.</subfield>
            <subfield code="i">Preceded by</subfield>
            <subfield code="t">Millennium.</subfield>
          <subfield code="1">http://viaf.org/viaf/182958364</subfield>
          <subfield code="4">http://rdaregistry.info/Elements/w/precededByWork.en</subfield>
        </datafield>
        <datafield tag="700" ind1="1" ind2=" ">
            <subfield code="a">Brozović, Danilo,</subfield>
            <subfield code="d">1979-</subfield>
            <subfield code="e">Translator</subfield>
            <subfield code="4">trl</subfield>
            <subfield code="1">http://viaf.org/viaf/78526575</subfield>
        </datafield>
    </record>