
<!-- LibraryOfCongress -->
     <marc:record>
    <marc:leader>04288cgm a22006617a 4500</marc:leader>
    <marc:controlfield tag="001">20560953</marc:controlfield>
    <marc:controlfield tag="005">20180628111153.0</marc:controlfield>
    <marc:controlfield tag="007">mr cdaafqnarp|||c------</marc:controlfield>
    <marc:controlfield tag="007">co |ga||||||||</marc:controlfield>
    <marc:controlfield tag="008">180628s2011    xxu158            mleng  </marc:controlfield>
    <marc:datafield tag="906" ind1=" " ind2=" ">
      <marc:subfield code="a">7</marc:subfield>
      <marc:subfield code="b">cbc</marc:subfield>
      <marc:subfield code="c">orignew</marc:subfield>
      <marc:subfield code="d">u</marc:subfield>
      <marc:subfield code="e">ncip</marc:subfield>
      <marc:subfield code="f">20</marc:subfield>
      <marc:subfield code="g">y-movingim</marc:subfield>
    </marc:datafield>
    <marc:datafield tag="955" ind1=" " ind2=" ">
      <marc:subfield code="b">qm25 2018-06-28</marc:subfield>
    </marc:datafield>
    <marc:datafield tag="010" ind1=" " ind2=" ">
      <marc:subfield code="a">  2018601207</marc:subfield>
    </marc:datafield>
    <marc:datafield tag="017" ind1=" " ind2=" ">
      <marc:subfield code="a">PA0001762927</marc:subfield>
      <marc:subfield code="b">U.S. Copyright Office</marc:subfield>
    </marc:datafield>
    <marc:datafield tag="040" ind1=" " ind2=" ">
      <marc:subfield code="a">DLC</marc:subfield>
      <marc:subfield code="c">DLC</marc:subfield>
      <marc:subfield code="e">amim</marc:subfield>
    </marc:datafield>
    <marc:datafield tag="043" ind1=" " ind2=" ">
      <marc:subfield code="a">e-sw---</marc:subfield>
    </marc:datafield>
    <marc:datafield tag="050" ind1="0" ind2="0">
      <marc:subfield code="a">CGE 8133-8141 (viewing print)</marc:subfield>
    </marc:datafield>
    <marc:datafield tag="050" ind1="0" ind2="0">
      <marc:subfield code="a">DVC 6319 (track)</marc:subfield>
    </marc:datafield>
    <marc:datafield tag="130" ind1="0" ind2=" ">
      <marc:subfield code="a">Girl with the dragon tattoo (Motion picture : 2011)</marc:subfield>
      <marc:subfield code="1">https://www.imdb.com/title/tt1568346/</marc:subfield>
    </marc:datafield>
    <marc:datafield tag="245" ind1="1" ind2="4">
      <marc:subfield code="a">The girl with the dragon tattoo /</marc:subfield>
      <marc:subfield code="c">a Columbia Pictures and MGM presentation of a Scott Rudin/Yellow Bird production ; directed by David Fincher ; produced by Scott Rudin, Ole Sondberg, Soren Staermose, Cean Chaffin ; screenplay by Steven Zaillian.</marc:subfield>
    </marc:datafield>
    <marc:datafield tag="257" ind1=" " ind2=" ">
      <marc:subfield code="a">United States.</marc:subfield>
    </marc:datafield>
    <marc:datafield tag="260" ind1=" " ind2=" ">
      <marc:subfield code="a">United States :</marc:subfield>
      <marc:subfield code="b">Sony Pictures Entertainment,</marc:subfield>
      <marc:subfield code="c">2011.</marc:subfield>
    </marc:datafield>
    <marc:datafield tag="300" ind1=" " ind2=" ">
      <marc:subfield code="3">viewing print</marc:subfield>
      <marc:subfield code="a">18 film reels of 18 on 9 (158 min., 14,220 ft.) :</marc:subfield>
      <marc:subfield code="b">anamorphic, sd. (opt, Dolby SR, digital, Dolby SR-D, SDDS, Datasat), col. ;</marc:subfield>
      <marc:subfield code="c">35 mm.</marc:subfield>
    </marc:datafield>
    <marc:datafield tag="300" ind1=" " ind2=" ">
      <marc:subfield code="3">track</marc:subfield>
      <marc:subfield code="a">2 CD-ROMs (158 min.) :</marc:subfield>
      <marc:subfield code="b">sd. (digital, Datasat) ;</marc:subfield>
      <marc:subfield code="c">4 3/4 in.</marc:subfield>
    </marc:datafield>
    <marc:datafield tag="336" ind1=" " ind2=" ">
      <marc:subfield code="a">moving image</marc:subfield>
      <marc:subfield code="b">txt</marc:subfield>
      <marc:subfield code="0">http://rdaregistry.info/termList/RDAContentType/1020</marc:subfield>
      <marc:subfield code="2">rdacontent</marc:subfield>
    </marc:datafield>
    <marc:datafield tag="337" ind1=" " ind2=" ">
      <marc:subfield code="a">video</marc:subfield>
      <marc:subfield code="b">v</marc:subfield>
      <marc:subfield code="0">http://rdaregistry.info/termList/RDAMediaType/1008</marc:subfield>
      <marc:subfield code="2">rdamedia</marc:subfield>
    </marc:datafield>
    <marc:datafield tag="338" ind1=" " ind2=" ">
      <marc:subfield code="a">video disc</marc:subfield>
      <marc:subfield code="b">vd</marc:subfield>
      <marc:subfield code="0">http://rdaregistry.info/termList/RDACarrierType/1060</marc:subfield>
      <marc:subfield code="2">rdacarrier</marc:subfield>
    </marc:datafield>
    <marc:datafield tag="380" ind1=" " ind2=" ">
      <marc:subfield code="a">motion picture</marc:subfield>
      <marc:subfield code="2">marcgt</marc:subfield>
    </marc:datafield>   
    <marc:datafield tag="538" ind1=" " ind2=" ">
      <marc:subfield code="a">System requirements for CD-ROMs: DTS/Datasat digital playback system.</marc:subfield>
    </marc:datafield>
    <marc:datafield tag="500" ind1=" " ind2=" ">
      <marc:subfield code="a">Based on the novel Män som hatar kvinnor by Stieg Larsson.</marc:subfield>
    </marc:datafield>
    <marc:datafield tag="511" ind1="1" ind2=" ">
      <marc:subfield code="a">Daniel Craig, Rooney Mara, Christopher Plummer, Stellan Skarsgård, Steven Berkoff, Robin Wright, Yorick van Wageningen, Joely Richardson.</marc:subfield>
    </marc:datafield>
    <marc:datafield tag="508" ind1=" " ind2=" ">
      <marc:subfield code="a">Executive producers, Zaillian, Mikael Wallen, Anni Faurbye Fernandez. Co-producers, Berna Levin, Eli Bush ; camera, Jeff Cronenweth ; editors, Kirk Baxter, Angus Wall ; music, Trent Reznor, Atticus Ross ; production designer, Donald Graham Burt ; supervising art director, Mikael Varhelyi ; art directors, Frida Arvidsson, Kajsa Severin, Pernilla Olsson, Tom Reta, Charlie Campbell, Adam Davis ; set decorators, Linda Janson, K.C. Fox ; costume designer, Trish Summerville ; sound, Bo Persson.</marc:subfield>
    </marc:datafield>
    <marc:datafield tag="500" ind1=" " ind2=" ">
      <marc:subfield code="a">CD-ROMs may contain additional tracks for short films, trailers, and other promotional content.</marc:subfield>
    </marc:datafield>
    <marc:datafield tag="500" ind1=" " ind2=" ">
      <marc:subfield code="a">Aspect ratio is 2.35:1.</marc:subfield>
    </marc:datafield>
    <marc:datafield tag="520" ind1=" " ind2=" ">
      <marc:subfield code="a">"A discredited journalist (Daniel Craig) and a mysterious computer hacker discover that even the wealthiest families have skeletons in their closets while working to solve the mystery of a 40-year-old murder in this David Fincher-directed remake of the 2009 Swedish thriller of the same name. Inspired by late author Stieg Larsson's successful trilogy of books, The Girl with the Dragon Tattoo gets under way as the two leads (Daniel Craig and Rooney Mara) are briefed in the disappearance of Harriet Vanger, whose uncle suspects she may have been killed by a member of their own family. The deeper they dig for the truth, however, the greater the risk of being buried alive by members of the family, who will go to great lengths to keep their secrets tightly sealed"--Allmovie.com, viewed June 28, 2018.</marc:subfield>
    </marc:datafield>
    <marc:datafield tag="521" ind1="8" ind2=" ">
      <marc:subfield code="a">MPAA rating: R.</marc:subfield>
    </marc:datafield>
    <marc:datafield tag="500" ind1=" " ind2=" ">
      <marc:subfield code="a">Not viewed.</marc:subfield>
    </marc:datafield>
    <marc:datafield tag="500" ind1=" " ind2=" ">
      <marc:subfield code="a">Sources used: Internet movie database, June 28, 2018; Variety, December 13, 2011; Copyright catalog online.</marc:subfield>
    </marc:datafield>
    <marc:datafield tag="650" ind1=" " ind2="0">
      <marc:subfield code="a">Murder</marc:subfield>
      <marc:subfield code="x">Investigation</marc:subfield>
      <marc:subfield code="z">Sweden</marc:subfield>
      <marc:subfield code="v">Drama.</marc:subfield>
    </marc:datafield>
    <marc:datafield tag="650" ind1=" " ind2="0">
      <marc:subfield code="a">Journalists</marc:subfield>
      <marc:subfield code="z">Sweden</marc:subfield>
      <marc:subfield code="v">Drama.</marc:subfield>
    </marc:datafield>
    <marc:datafield tag="650" ind1=" " ind2="0">
      <marc:subfield code="a">Hackers</marc:subfield>
      <marc:subfield code="z">Sweden</marc:subfield>
      <marc:subfield code="v">Drama.</marc:subfield>
    </marc:datafield>
    <marc:datafield tag="655" ind1=" " ind2="7">
      <marc:subfield code="a">Detective and mystery films.</marc:subfield>
      <marc:subfield code="2">lcgft</marc:subfield>
    </marc:datafield>
    <marc:datafield tag="655" ind1=" " ind2="7">
      <marc:subfield code="a">Thrillers (Motion pictures)</marc:subfield>
      <marc:subfield code="2">lcgft</marc:subfield>
    </marc:datafield>
    <marc:datafield tag="655" ind1=" " ind2="7">
      <marc:subfield code="a">Feature films.</marc:subfield>
      <marc:subfield code="2">lcgft</marc:subfield>
    </marc:datafield>
    <marc:datafield tag="655" ind1=" " ind2="7">
      <marc:subfield code="a">Fiction films.</marc:subfield>
      <marc:subfield code="2">lcgft</marc:subfield>
    </marc:datafield>
    <marc:datafield tag="700" ind1="1" ind2=" ">
      <marc:subfield code="a">Fincher, David,</marc:subfield>
      <marc:subfield code="e">direction.</marc:subfield>
      <marc:subfield code="4">fmd</marc:subfield>
      <marc:subfield code="1">http://viaf.org/viaf/32189355</marc:subfield>
    </marc:datafield>
    <marc:datafield tag="700" ind1="1" ind2=" ">
      <marc:subfield code="a">Rudin, Scott,</marc:subfield>
      <marc:subfield code="d">1958-</marc:subfield>
      <marc:subfield code="e">production.</marc:subfield>
    </marc:datafield>
    <marc:datafield tag="700" ind1="1" ind2=" ">
      <marc:subfield code="a">Søndberg, Ole,</marc:subfield>
      <marc:subfield code="e">production.</marc:subfield>
    </marc:datafield>
    <marc:datafield tag="700" ind1="1" ind2=" ">
      <marc:subfield code="a">Stærmose, Søren,</marc:subfield>
      <marc:subfield code="d">1952-</marc:subfield>
      <marc:subfield code="e">production.</marc:subfield>
    </marc:datafield>
    <marc:datafield tag="700" ind1="1" ind2=" ">
      <marc:subfield code="a">Chaffin, Ceán,</marc:subfield>
      <marc:subfield code="e">production.</marc:subfield>
    </marc:datafield>
    <marc:datafield tag="700" ind1="1" ind2=" ">
      <marc:subfield code="a">Zaillian, Steven,</marc:subfield>
      <marc:subfield code="e">writing.</marc:subfield>
    </marc:datafield>
    <marc:datafield tag="700" ind1="1" ind2=" ">
      <marc:subfield code="a">Craig, Daniel,</marc:subfield>
      <marc:subfield code="d">1968-</marc:subfield>
      <marc:subfield code="e">cast.</marc:subfield>
    </marc:datafield>
    <marc:datafield tag="700" ind1="1" ind2=" ">
      <marc:subfield code="a">Mara, Rooney,</marc:subfield>
      <marc:subfield code="e">cast.</marc:subfield>
    </marc:datafield>
    <marc:datafield tag="700" ind1="1" ind2=" ">
      <marc:subfield code="a">Plummer, Christopher,</marc:subfield>
      <marc:subfield code="e">cast.</marc:subfield>
    </marc:datafield>
    <marc:datafield tag="700" ind1="1" ind2=" ">
      <marc:subfield code="a">Larsson, Stieg</marc:subfield>
      <marc:subfield code="d">1954-2004.</marc:subfield>
      <marc:subfield code="i">Adaptation of work</marc:subfield>
      <marc:subfield code="t">Män som hatar kvinnor.</marc:subfield>
      <marc:subfield code="1">http://viaf.org/viaf/4188148523903220970001</marc:subfield>
      <marc:subfield code="4">http://rdaregistry.info/Elements/w/adaptationOfWork.en</marc:subfield>
    </marc:datafield>
    <marc:datafield tag="710" ind1="2" ind2=" ">
      <marc:subfield code="a">Columbia Pictures.</marc:subfield>
    </marc:datafield>
    <marc:datafield tag="710" ind1="2" ind2=" ">
      <marc:subfield code="a">Metro-Goldwyn-Mayer.</marc:subfield>
    </marc:datafield>
    <marc:datafield tag="710" ind1="2" ind2=" ">
      <marc:subfield code="a">Scott Rudin Productions</marc:subfield>
    </marc:datafield>
    <marc:datafield tag="710" ind1="2" ind2=" ">
      <marc:subfield code="a">Yellow Bird (Firm)</marc:subfield>
    </marc:datafield>
    <marc:datafield tag="710" ind1="2" ind2=" ">
      <marc:subfield code="a">Sony Pictures Entertainment, Inc.</marc:subfield>
    </marc:datafield>
    <marc:datafield tag="710" ind1="2" ind2=" ">
      <marc:subfield code="a">Copyright Collection (Library of Congress)</marc:subfield>
      <marc:subfield code="5">DLC</marc:subfield>
    </marc:datafield>
    <marc:datafield tag="786" ind1="1" ind2="8">
      <marc:subfield code="t">Girl with the dragon tattoo</marc:subfield>
      <marc:subfield code="w">(DLC) 1853175</marc:subfield>
      <marc:subfield code="n">MAVIS</marc:subfield>
    </marc:datafield>
  </marc:record>