
  <marc:record>
    <marc:leader>01586cam a2200433 i 4500</marc:leader>
    <marc:controlfield tag="001">20153463</marc:controlfield>
    <marc:controlfield tag="005">20180223083204.0</marc:controlfield>
    <marc:controlfield tag="008">171117s2017    sw            000 0 swe  </marc:controlfield>
    <marc:datafield tag="906" ind1=" " ind2=" ">
      <marc:subfield code="a">7</marc:subfield>
      <marc:subfield code="b">cbc</marc:subfield>
      <marc:subfield code="c">origres</marc:subfield>
      <marc:subfield code="d">3</marc:subfield>
      <marc:subfield code="e">ncip</marc:subfield>
      <marc:subfield code="f">20</marc:subfield>
      <marc:subfield code="g">y-gencatlg</marc:subfield>
    </marc:datafield>
    <marc:datafield tag="925" ind1="0" ind2=" ">
      <marc:subfield code="a">acquire</marc:subfield>
      <marc:subfield code="b">1 shelf copy</marc:subfield>
      <marc:subfield code="x">policy default</marc:subfield>
    </marc:datafield>
    <marc:datafield tag="955" ind1=" " ind2=" ">
      <marc:subfield code="b">ff05 2017-12-11  Telework</marc:subfield>
      <marc:subfield code="a">ff00 2017-12-22 to GS/SBCG</marc:subfield>
      <marc:subfield code="i">ff07 2018-02-23 telework to CALM</marc:subfield>
    </marc:datafield>
    <marc:datafield tag="010" ind1=" " ind2=" ">
      <marc:subfield code="a">  2017408656</marc:subfield>
    </marc:datafield>
    <marc:datafield tag="020" ind1=" " ind2=" ">
      <marc:subfield code="a">9789113073736 (hd. bd.)</marc:subfield>
    </marc:datafield>
    <marc:datafield tag="035" ind1=" " ind2=" ">
      <marc:subfield code="a">(GyWOH)har175015652</marc:subfield>
    </marc:datafield>
    <marc:datafield tag="040" ind1=" " ind2=" ">
      <marc:subfield code="a">DLC</marc:subfield>
      <marc:subfield code="b">eng</marc:subfield>
      <marc:subfield code="c">DLC</marc:subfield>
      <marc:subfield code="e">rda</marc:subfield>
    </marc:datafield>
    <marc:datafield tag="042" ind1=" " ind2=" ">
      <marc:subfield code="a">pcc</marc:subfield>
    </marc:datafield>
    <marc:datafield tag="050" ind1="0" ind2="0">
      <marc:subfield code="a">PT9877.22.A44</marc:subfield>
      <marc:subfield code="b">M36 2017</marc:subfield>
    </marc:datafield>
    <marc:datafield tag="100" ind1="1" ind2=" ">
      <marc:subfield code="a">Lagercrantz, David</marc:subfield>
      <marc:subfield code="e">author</marc:subfield>
      <marc:subfield code="1">http://viaf.org/viaf/73186278</marc:subfield>
      <marc:subfield code="4">aut</marc:subfield>
    </marc:datafield>
    <marc:datafield tag="240" ind1="1" ind2="0">
      <marc:subfield code="a">Mannen som sökte sin skugga</marc:subfield>
      <marc:subfield code="l">Svenska</marc:subfield>
      <marc:subfield code="1">http://viaf.org/viaf/7375151051836633530009</marc:subfield>
    </marc:datafield>
    <marc:datafield tag="245" ind1="1" ind2="0">
      <marc:subfield code="a">Mannen som sökte sin skugga</marc:subfield>
      <marc:subfield code="c">David Lagercrantz</marc:subfield>
    </marc:datafield>
    <marc:datafield tag="264" ind1=" " ind2="1">
      <marc:subfield code="a">Stockholm :</marc:subfield>
      <marc:subfield code="b">Norstedts,</marc:subfield>
      <marc:subfield code="c">[2017]</marc:subfield>
    </marc:datafield>
    <marc:datafield tag="300" ind1=" " ind2=" ">
      <marc:subfield code="a">403 pages ;</marc:subfield>
      <marc:subfield code="c">24 cm.</marc:subfield>
    </marc:datafield>
    <marc:datafield tag="336" ind1=" " ind2=" ">
      <marc:subfield code="a">text</marc:subfield>
      <marc:subfield code="b">txt</marc:subfield>
      <marc:subfield code="0">http://rdaregistry.info/termList/RDAContentType/1020</marc:subfield>
      <marc:subfield code="2">rdacontent</marc:subfield>
    </marc:datafield>
    <marc:datafield tag="337" ind1=" " ind2=" ">
      <marc:subfield code="a">unmediated</marc:subfield>
      <marc:subfield code="b">n</marc:subfield>
      <marc:subfield code="0">http://rdaregistry.info/termList/RDAMediaType/1007</marc:subfield>
      <marc:subfield code="2">rdamedia</marc:subfield>
    </marc:datafield>
    <marc:datafield tag="338" ind1=" " ind2=" ">
      <marc:subfield code="a">volume</marc:subfield>
      <marc:subfield code="b">nc</marc:subfield>
      <marc:subfield code="0">http://rdaregistry.info/termList/RDACarrierType/1049</marc:subfield>
      <marc:subfield code="2">rdacarrier</marc:subfield>
    </marc:datafield>
    <marc:datafield tag="380" ind1=" " ind2=" ">
      <marc:subfield code="a">novel</marc:subfield>
      <marc:subfield code="2">marcgt</marc:subfield>
    </marc:datafield>
    <marc:datafield tag="490" ind1="0" ind2=" ">
      <marc:subfield code="a">Millennium</marc:subfield>
    </marc:datafield>
    <marc:datafield tag="500" ind1=" " ind2=" ">
      <marc:subfield code="a">Book jacket: fifth book in the Millennium series.</marc:subfield>
    </marc:datafield>
    <marc:datafield tag="600" ind1="1" ind2="0">
      <marc:subfield code="a">Blomkvist, Mikael</marc:subfield>
      <marc:subfield code="c">(Fictitious character)</marc:subfield>
      <marc:subfield code="v">Fiction.</marc:subfield>
      <marc:subfield code="1">https://www.wikidata.org/wiki/Q2628415</marc:subfield>
    </marc:datafield>
    <marc:datafield tag="600" ind1="1" ind2="0">
      <marc:subfield code="a">Salander, Lisbeth</marc:subfield>
      <marc:subfield code="c">(Fictitious character)</marc:subfield>
      <marc:subfield code="v">Fiction.</marc:subfield>
      <marc:subfield code="1">https://www.wikidata.org/wiki/Q1191282</marc:subfield>
    </marc:datafield>
    <marc:datafield tag="650" ind1=" " ind2="0">
      <marc:subfield code="a">Journalists</marc:subfield>
      <marc:subfield code="z">Sweden</marc:subfield>
      <marc:subfield code="v">Fiction.</marc:subfield>
    </marc:datafield>
    <marc:datafield tag="650" ind1=" " ind2="0">
      <marc:subfield code="a">Reporters and reporting</marc:subfield>
      <marc:subfield code="v">Fiction.</marc:subfield>
    </marc:datafield>
    <marc:datafield tag="650" ind1=" " ind2="0">
      <marc:subfield code="a">Hackers</marc:subfield>
      <marc:subfield code="v">Fiction.</marc:subfield>
    </marc:datafield>
    <marc:datafield tag="650" ind1=" " ind2="0">
      <marc:subfield code="a">Women prisoners</marc:subfield>
      <marc:subfield code="v">Fiction.</marc:subfield>
    </marc:datafield>
    <marc:datafield tag="650" ind1=" " ind2="0">
      <marc:subfield code="a">Cold cases (Criminal investigation)</marc:subfield>
      <marc:subfield code="v">Fiction.</marc:subfield>
    </marc:datafield>
    <marc:datafield tag="651" ind1=" " ind2="0">
      <marc:subfield code="a">Stockholm (Sweden)</marc:subfield>
      <marc:subfield code="v">Fiction.</marc:subfield>
    </marc:datafield>
    <marc:datafield tag="655" ind1=" " ind2="7">
      <marc:subfield code="a">Detective and mystery fiction.</marc:subfield>
      <marc:subfield code="2">lcgft</marc:subfield>
    </marc:datafield>
    <marc:datafield tag="655" ind1=" " ind2="7">
      <marc:subfield code="a">Thrillers (Fiction)</marc:subfield>
      <marc:subfield code="2">lcgft</marc:subfield>
    </marc:datafield>
    <marc:datafield tag="700" ind1="1" ind2=" ">
      <marc:subfield code="a">Larsson, Stieg</marc:subfield>
      <marc:subfield code="d">1954-2004,</marc:subfield>
      <marc:subfield code="e">creator</marc:subfield>
      <marc:subfield code="e">cre</marc:subfield>
    </marc:datafield>
    <marc:datafield tag="923" ind1=" " ind2=" ">
      <marc:subfield code="d">20171120</marc:subfield>
      <marc:subfield code="n">0154021</marc:subfield>
      <marc:subfield code="s">GyWOH</marc:subfield>
    </marc:datafield>
    <marc:datafield tag="985" ind1=" " ind2=" ">
      <marc:subfield code="e">VENDOR LOAD</marc:subfield>
    </marc:datafield>
  </marc:record>