
  <!--  
  <marc:record>
    <marc:leader>01596cam a2200409 a 4500</marc:leader>
    <marc:controlfield tag="001">17028437</marc:controlfield>
    <marc:controlfield tag="005">20111031142607.0</marc:controlfield>
    <marc:controlfield tag="008">111031s2010    is            000 1 heb d</marc:controlfield>
    <marc:datafield tag="906" ind1=" " ind2=" ">
      <marc:subfield code="a">7</marc:subfield>
      <marc:subfield code="b">cbc</marc:subfield>
      <marc:subfield code="c">copycat</marc:subfield>
      <marc:subfield code="d">2</marc:subfield>
      <marc:subfield code="e">ncip</marc:subfield>
      <marc:subfield code="f">20</marc:subfield>
      <marc:subfield code="g">y-nonroman</marc:subfield>
    </marc:datafield>
    <marc:datafield tag="925" ind1="0" ind2=" ">
      <marc:subfield code="a">acquire</marc:subfield>
      <marc:subfield code="b">1 shelf copy</marc:subfield>
      <marc:subfield code="x">policy default</marc:subfield>
    </marc:datafield>
    <marc:datafield tag="955" ind1=" " ind2=" ">
      <marc:subfield code="b">cd08 2011-10-31 z-processor;</marc:subfield>
      <marc:subfield code="i">cd08 2011-10-31 to ASME labelling;</marc:subfield>
    </marc:datafield>
    <marc:datafield tag="010" ind1=" " ind2=" ">
      <marc:subfield code="a">  2011425327</marc:subfield>
    </marc:datafield>
    <marc:datafield tag="024" ind1="8" ind2="1">
      <marc:subfield code="a">002000522759</marc:subfield>
    </marc:datafield>
    <marc:datafield tag="035" ind1=" " ind2=" ">
      <marc:subfield code="a">(OCoLC)ocn659874335</marc:subfield>
    </marc:datafield>
    <marc:datafield tag="040" ind1=" " ind2=" ">
      <marc:subfield code="a">BKL</marc:subfield>
      <marc:subfield code="b">eng</marc:subfield>
      <marc:subfield code="c">BKL</marc:subfield>
      <marc:subfield code="d">BKL</marc:subfield>
      <marc:subfield code="d">OCLCA</marc:subfield>
      <marc:subfield code="d">OCLCQ</marc:subfield>
      <marc:subfield code="d">DLC</marc:subfield>
    </marc:datafield>
    <marc:datafield tag="041" ind1="1" ind2=" ">
      <marc:subfield code="a">heb</marc:subfield>
      <marc:subfield code="h">swe</marc:subfield>
    </marc:datafield>
    <marc:datafield tag="042" ind1=" " ind2=" ">
      <marc:subfield code="a">lccopycat</marc:subfield>
    </marc:datafield>
    <marc:datafield tag="043" ind1=" " ind2=" ">
      <marc:subfield code="a">e-sw-</marc:subfield>
    </marc:datafield>
    <marc:datafield tag="050" ind1="0" ind2="0">
      <marc:subfield code="a">PT9876.22.A6933</marc:subfield>
      <marc:subfield code="b">F5715 2009</marc:subfield>
    </marc:datafield>
    <marc:datafield tag="066" ind1=" " ind2=" ">
      <marc:subfield code="c">(2</marc:subfield>
    </marc:datafield>
    <marc:datafield tag="082" ind1="0" ind2="4">
      <marc:subfield code="a">839.73/8</marc:subfield>
      <marc:subfield code="2">22</marc:subfield>
    </marc:datafield>
    <marc:datafield tag="100" ind1="1" ind2=" ">
      <marc:subfield code="a">Larsson, Stieg</marc:subfield>
      <marc:subfield code="d">1954-2004.</marc:subfield>
      <marc:subfield code="1">http://viaf.org/viaf/54441441</marc:subfield>
      <marc:subfield code="4">aut</marc:subfield>
    </marc:datafield>
    <marc:datafield tag="880" ind1="1" ind2=" ">
      <marc:subfield code="6">100-01/(2/r</marc:subfield>
      <marc:subfield code="a">לרסון, סטיג,</marc:subfield>
      <marc:subfield code="d">1954-2004.</marc:subfield>
    </marc:datafield>
    <marc:datafield tag="240" ind1="1" ind2="0">
      <marc:subfield code="a">Flickan som lekte med elden.</marc:subfield>
      <marc:subfield code="l">Hebrew</marc:subfield>
      <marc:subfield code="1">http://viaf.org/viaf/1965149068358065730000</marc:subfield>
    </marc:datafield>
    <marc:datafield tag="245" ind1="1" ind2="3">
      <marc:subfield code="6">880-02</marc:subfield>
      <marc:subfield code="a">ha-Naʻarah she-śiḥḳah ba-esh /</marc:subfield>
      <marc:subfield code="c">Sṭig Larson ; mi-Shṿedit, Rut Shapira.</marc:subfield>
    </marc:datafield>
    <marc:datafield tag="880" ind1="1" ind2="1">
      <marc:subfield code="6">245-02/(2/r</marc:subfield>
      <marc:subfield code="a">הנערה ששיחקה באש /</marc:subfield>
      <marc:subfield code="c">סטיג לרסון ; משוודית, רות שפירא.</marc:subfield>
    </marc:datafield>
    <marc:datafield tag="260" ind1=" " ind2=" ">
      <marc:subfield code="6">880-03</marc:subfield>
      <marc:subfield code="a">Moshav Ben-Shemen :</marc:subfield>
      <marc:subfield code="b">Modan,</marc:subfield>
      <marc:subfield code="c">c2010.</marc:subfield>
    </marc:datafield>
    <marc:datafield tag="880" ind1=" " ind2=" ">
      <marc:subfield code="6">260-03/(2/r‏</marc:subfield>
      <marc:subfield code="a">‏‪מושב בן-שמן‬ :‏</marc:subfield>
      <marc:subfield code="b">‏מודן,‏</marc:subfield>
      <marc:subfield code="c">‏‫c2010‬.</marc:subfield>
    </marc:datafield>
    <marc:datafield tag="300" ind1=" " ind2=" ">
      <marc:subfield code="a">588 p. ;</marc:subfield>
      <marc:subfield code="c">21 cm.</marc:subfield>
    </marc:datafield>
    <marc:datafield tag="490" ind1="0" ind2=" ">
      <marc:subfield code="6">880-04</marc:subfield>
      <marc:subfield code="a">Sidrah le-sifrut yafah</marc:subfield>
    </marc:datafield>
    <marc:datafield tag="880" ind1="0" ind2=" ">
      <marc:subfield code="6">490-04/(2/r</marc:subfield>
      <marc:subfield code="a">סדרה לספרות יפה</marc:subfield>
    </marc:datafield>
    <marc:datafield tag="490" ind1="0" ind2=" ">
      <marc:subfield code="6">880-05</marc:subfield>
      <marc:subfield code="a">Mileniyum ;</marc:subfield>
      <marc:subfield code="v">2</marc:subfield>
    </marc:datafield>
    <marc:datafield tag="880" ind1="0" ind2=" ">
      <marc:subfield code="6">490-05/(2/r</marc:subfield>
      <marc:subfield code="a">מילניום ;</marc:subfield>
      <marc:subfield code="v">2</marc:subfield>
    </marc:datafield>
    <marc:datafield tag="500" ind1=" " ind2=" ">
      <marc:subfield code="a">Ḥeleḳ sheni shel trilogyat metaḥ</marc:subfield>
    </marc:datafield>
    <marc:datafield tag="700" ind1="1" ind2=" ">
      <marc:subfield code="6">880-07</marc:subfield>
      <marc:subfield code="a">Shapirʼa, Rut.</marc:subfield>
    </marc:datafield>
    <marc:datafield tag="880" ind1="1" ind2=" ">
      <marc:subfield code="6">700-07/(2/r</marc:subfield>
      <marc:subfield code="a">שפירא, רות</marc:subfield>
    </marc:datafield>
    <marc:datafield tag="752" ind1=" " ind2=" ">
      <marc:subfield code="a">Israel</marc:subfield>
      <marc:subfield code="d">Ben Shemen.</marc:subfield>
    </marc:datafield>
  </marc:record>