   
<!-- Oxford --> 
 <marc:record>
    <marc:leader>01682cam a2200529 a 4500</marc:leader>
    <marc:controlfield tag="001">016638956</marc:controlfield>
    <marc:controlfield tag="003">UkOxU</marc:controlfield>
    <marc:controlfield tag="005">20110429081137.0</marc:controlfield>
    <marc:controlfield tag="008">080114s2008    enk           000 1 eng d</marc:controlfield>
    <marc:datafield tag="010" ind1=" " ind2=" ">
      <marc:subfield code="a">2008411003</marc:subfield>
    </marc:datafield>
    <marc:datafield tag="015" ind1=" " ind2=" ">
      <marc:subfield code="a">GBA866889</marc:subfield>
      <marc:subfield code="2">bnb</marc:subfield>
    </marc:datafield>
    <marc:datafield tag="015" ind1=" " ind2=" ">
      <marc:subfield code="a">GBA779902</marc:subfield>
      <marc:subfield code="2">bnb</marc:subfield>
    </marc:datafield>
    <marc:datafield tag="016" ind1=" " ind2=" ">
      <marc:subfield code="a">014615210</marc:subfield>
      <marc:subfield code="2">Uk</marc:subfield>
    </marc:datafield>
    <marc:datafield tag="016" ind1=" " ind2=" ">
      <marc:subfield code="a">014052284</marc:subfield>
      <marc:subfield code="2">Uk</marc:subfield>
    </marc:datafield>
    <marc:datafield tag="020" ind1=" " ind2=" ">
      <marc:subfield code="a">9781847242532</marc:subfield>
    </marc:datafield>
    <marc:datafield tag="020" ind1=" " ind2=" ">
      <marc:subfield code="a">1847242537</marc:subfield>
    </marc:datafield>
    <marc:datafield tag="020" ind1=" " ind2=" ">
      <marc:subfield code="a">9781847243492 (pbk.)</marc:subfield>
    </marc:datafield>
    <marc:datafield tag="020" ind1=" " ind2=" ">
      <marc:subfield code="a">1847243495 (pbk.)</marc:subfield>
    </marc:datafield>
    <marc:datafield tag="020" ind1=" " ind2=" ">
      <marc:subfield code="a">9781847245458 (pbk.)</marc:subfield>
    </marc:datafield>
    <marc:datafield tag="020" ind1=" " ind2=" ">
      <marc:subfield code="a">1847245455 (pbk.)</marc:subfield>
    </marc:datafield>
    <marc:datafield tag="035" ind1=" " ind2=" ">
      <marc:subfield code="a">(OCoLC)190788643</marc:subfield>
    </marc:datafield>
    <marc:datafield tag="035" ind1=" " ind2=" ">
      <marc:subfield code="a">(IeDuTC)b143401993</marc:subfield>
    </marc:datafield>
    <marc:datafield tag="035" ind1=" " ind2=" ">
      <marc:subfield code="a">(UkLCURL)08b143401993</marc:subfield>
    </marc:datafield>
    <marc:datafield tag="038" ind1=" " ind2=" ">
      <marc:subfield code="a">OCoLC</marc:subfield>
    </marc:datafield>
    <marc:datafield tag="040" ind1=" " ind2=" ">
      <marc:subfield code="a">ZNS</marc:subfield>
      <marc:subfield code="c">DLC</marc:subfield>
      <marc:subfield code="d">ZNS</marc:subfield>
      <marc:subfield code="d">UKM</marc:subfield>
      <marc:subfield code="d">BTCTA</marc:subfield>
      <marc:subfield code="d">VP@</marc:subfield>
      <marc:subfield code="d">CUS</marc:subfield>
      <marc:subfield code="d">NDD</marc:subfield>
      <marc:subfield code="d">YDXCP</marc:subfield>
    </marc:datafield>
    <marc:datafield tag="041" ind1="1" ind2=" ">
      <marc:subfield code="a">eng</marc:subfield>
      <marc:subfield code="h">swe</marc:subfield>
    </marc:datafield>
    <marc:datafield tag="042" ind1=" " ind2=" ">
      <marc:subfield code="a">lccopycat</marc:subfield>
    </marc:datafield>
    <marc:datafield tag="043" ind1=" " ind2=" ">
      <marc:subfield code="a">e-sw---</marc:subfield>
    </marc:datafield>
    <marc:datafield tag="049" ind1=" " ind2=" ">
      <marc:subfield code="j">CU</marc:subfield>
      <marc:subfield code="k">08b143401993</marc:subfield>
      <marc:subfield code="l">o</marc:subfield>
    </marc:datafield>
    <marc:datafield tag="050" ind1="0" ind2="0">
      <marc:subfield code="a">PT9876.22.A6933</marc:subfield>
      <marc:subfield code="b">M3613 2008b</marc:subfield>
    </marc:datafield>
    <marc:datafield tag="082" ind1="0" ind2="0">
      <marc:subfield code="a">839.73/8</marc:subfield>
      <marc:subfield code="2">22</marc:subfield>
    </marc:datafield>
    <marc:datafield tag="090" ind1=" " ind2=" ">
      <marc:subfield code="a">TCD</marc:subfield>
      <marc:subfield code="b">PB-297-320</marc:subfield>
    </marc:datafield>
    <marc:datafield tag="100" ind1="1" ind2=" ">
      <marc:subfield code="a">Larsson, Stieg</marc:subfield>
      <marc:subfield code="d">1954-2004</marc:subfield>
      <marc:subfield code="e">author</marc:subfield>
      <marc:subfield code="1">http://viaf.org/viaf/54441441</marc:subfield>
      <marc:subfield code="4">aut</marc:subfield>
    </marc:datafield>
    <marc:datafield tag="240" ind1="1" ind2="0">
      <marc:subfield code="a">Män som hatar kvinnor.</marc:subfield>
      <marc:subfield code="l">English</marc:subfield>
      <marc:subfield code="1">http://viaf.org/viaf/4188148523903220970001</marc:subfield>
    </marc:datafield>
    <marc:datafield tag="245" ind1="1" ind2="4">
      <marc:subfield code="a">The girl with the dragon tattoo /</marc:subfield>
      <marc:subfield code="c">Stieg Larsson ; translated from the Swedish by Reg Keeland.</marc:subfield>
    </marc:datafield>
    <marc:datafield tag="260" ind1=" " ind2=" ">
      <marc:subfield code="a">London :</marc:subfield>
      <marc:subfield code="b">MacLehose Press,</marc:subfield>
      <marc:subfield code="c">2008.</marc:subfield>
    </marc:datafield>
    <marc:datafield tag="300" ind1=" " ind2=" ">
      <marc:subfield code="a">532 p. ;</marc:subfield>
      <marc:subfield code="c">24 cm.</marc:subfield>
    </marc:datafield>
   <marc:datafield tag="336" ind1=" " ind2=" ">
     <marc:subfield code="a">text</marc:subfield>
     <marc:subfield code="b">txt</marc:subfield>
     <marc:subfield code="0">http://rdaregistry.info/termList/RDAContentType/1020</marc:subfield>
     <marc:subfield code="2">rdacontent</marc:subfield>
   </marc:datafield>
   <marc:datafield tag="337" ind1=" " ind2=" ">
     <marc:subfield code="a">unmediated</marc:subfield>
     <marc:subfield code="b">n</marc:subfield>
     <marc:subfield code="0">http://rdaregistry.info/termList/RDAMediaType/1007</marc:subfield>
     <marc:subfield code="2">rdamedia</marc:subfield>
   </marc:datafield>
   <marc:datafield tag="338" ind1=" " ind2=" ">
     <marc:subfield code="a">volume</marc:subfield>
     <marc:subfield code="b">nc</marc:subfield>
     <marc:subfield code="0">http://rdaregistry.info/termList/RDACarrierType/1049</marc:subfield>
     <marc:subfield code="2">rdacarrier</marc:subfield>
   </marc:datafield>
   <marc:datafield tag="380" ind1=" " ind2=" ">
     <marc:subfield code="a">novel</marc:subfield>
     <marc:subfield code="2">marcgt</marc:subfield>
   </marc:datafield>
    <marc:datafield tag="500" ind1=" " ind2=" ">
      <marc:subfield code="a">Originally published as: Män som hatar kvinnor. Stockholm : Norstedt, 2005.</marc:subfield>
    </marc:datafield>
    <marc:datafield tag="650" ind1=" " ind2="0">
      <marc:subfield code="a">Missing persons</marc:subfield>
      <marc:subfield code="v">Fiction.</marc:subfield>
    </marc:datafield>
    <marc:datafield tag="650" ind1=" " ind2="0">
      <marc:subfield code="a">Rich people</marc:subfield>
      <marc:subfield code="v">Fiction.</marc:subfield>
    </marc:datafield>
    <marc:datafield tag="650" ind1=" " ind2="0">
      <marc:subfield code="a">Corruption</marc:subfield>
      <marc:subfield code="v">Fiction.</marc:subfield>
    </marc:datafield>
    <marc:datafield tag="651" ind1=" " ind2="0">
      <marc:subfield code="a">Stockholm (Sweden)</marc:subfield>
      <marc:subfield code="v">Fiction.</marc:subfield>
    </marc:datafield>
    <marc:datafield tag="655" ind1=" " ind2="7">
      <marc:subfield code="a">Suspense fiction.</marc:subfield>
      <marc:subfield code="2">gsafd</marc:subfield>
    </marc:datafield>
    <marc:datafield tag="700" ind1="1" ind2=" ">
      <marc:subfield code="a">Keeland, Reg,</marc:subfield>
      <marc:subfield code="d">1943-</marc:subfield>
    </marc:datafield>
  </marc:record>