
  <marc:record>
    <marc:leader>02125cgm a2200445 a 4500</marc:leader>
    <marc:controlfield tag="001">017259605</marc:controlfield>
    <marc:controlfield tag="003">UkOxU</marc:controlfield>
    <marc:controlfield tag="005">20100907113527.0</marc:controlfield>
    <marc:controlfield tag="007">vd cvaizu</marc:controlfield>
    <marc:controlfield tag="008">100706p20102009enk152            vlswe d</marc:controlfield>
    <marc:datafield tag="028" ind1="4" ind2="2">
      <marc:subfield code="a">MP1005D</marc:subfield>
      <marc:subfield code="b">Momentum</marc:subfield>
    </marc:datafield>
    <marc:datafield tag="035" ind1=" " ind2=" ">
      <marc:subfield code="a">(OCoLC)ocn646068263</marc:subfield>
      <marc:subfield code="z">(OCoLC)646068263</marc:subfield>
    </marc:datafield>
    <marc:datafield tag="040" ind1=" " ind2=" ">
      <marc:subfield code="a">EOL</marc:subfield>
      <marc:subfield code="c">EOL</marc:subfield>
      <marc:subfield code="d">IHV</marc:subfield>
      <marc:subfield code="d">C#L</marc:subfield>
    </marc:datafield>
    <marc:datafield tag="050" ind1="1" ind2="4">
      <marc:subfield code="a">PN1997.2</marc:subfield>
      <marc:subfield code="b">.M3676 2010</marc:subfield>
    </marc:datafield>
    <marc:datafield tag="245" ind1="0" ind2="4">
      <marc:subfield code="a">The girl with the dragon tattoo</marc:subfield>
      <marc:subfield code="h">[videorecording] /</marc:subfield>
      <marc:subfield code="c">directed by Niels Arden Oplev.</marc:subfield>
    </marc:datafield>
    <marc:datafield tag="246" ind1="3" ind2=" ">
      <marc:subfield code="a">Män som hatar kvinnor</marc:subfield>
      <marc:subfield code="h">[videorecording].</marc:subfield>
    </marc:datafield>
    <marc:datafield tag="260" ind1=" " ind2=" ">
      <marc:subfield code="a">[s.l.] :</marc:subfield>
      <marc:subfield code="b">Momentum Pictures,</marc:subfield>
      <marc:subfield code="c">c2010.</marc:subfield>
    </marc:datafield>
    <marc:datafield tag="300" ind1=" " ind2=" ">
      <marc:subfield code="a">1 videodisc (152 min.) :</marc:subfield>
      <marc:subfield code="b">sd., col. ;</marc:subfield>
      <marc:subfield code="c">4 3/4 in.</marc:subfield>
    </marc:datafield>
    <marc:datafield tag="546" ind1=" " ind2=" ">
      <marc:subfield code="a">Swedish or dubbed English dialogue; English subtitles.</marc:subfield>
    </marc:datafield>
    <marc:datafield tag="500" ind1=" " ind2=" ">
      <marc:subfield code="a">Title from container.</marc:subfield>
    </marc:datafield>
    <marc:datafield tag="511" ind1="1" ind2=" ">
      <marc:subfield code="a">Michael Nyqvist, Noomi Rapace, Lena Endre, Peter Haber, Sven-Bertil Taube.</marc:subfield>
    </marc:datafield>
    <marc:datafield tag="500" ind1=" " ind2=" ">
      <marc:subfield code="a">Based on the book by Stieg Larsson.</marc:subfield>
    </marc:datafield>
    <marc:datafield tag="500" ind1=" " ind2=" ">
      <marc:subfield code="a">Originally produced in 2009.</marc:subfield>
    </marc:datafield>
    <marc:datafield tag="521" ind1="8" ind2=" ">
      <marc:subfield code="a">UK cert. 18.</marc:subfield>
    </marc:datafield>
    <marc:datafield tag="520" ind1=" " ind2=" ">
      <marc:subfield code="a">Forty years ago, Harriet Vanger disappeared from a family gathering on the island owned and inhabited by the powerful Vanger clan. Her body was never found and her beloved uncle is convinced she was murdered and that the killer is a member of his own tightly knit but dysfunctional family. He employs disgraced investigative journalist Mickael Blomkvist and the tattooed and troubled yet resourceful computer hacker Lisbeth Salander to investigate.</marc:subfield>
    </marc:datafield>
    <marc:datafield tag="538" ind1=" " ind2=" ">
      <marc:subfield code="a">DVD, region 2; PAL.</marc:subfield>
    </marc:datafield>
    <marc:datafield tag="586" ind1=" " ind2=" ">
      <marc:subfield code="a">2009 Swedish Guldbagge Awards: Best Picture, Audience Award, Best Actress in a Leading Role (Noomi Rapace).</marc:subfield>
    </marc:datafield>
    <marc:datafield tag="650" ind1=" " ind2="0">
      <marc:subfield code="a">Murder</marc:subfield>
      <marc:subfield code="x">Investigation</marc:subfield>
      <marc:subfield code="v">Drama.</marc:subfield>
    </marc:datafield>
    <marc:datafield tag="650" ind1=" " ind2="0">
      <marc:subfield code="a">Family secrets</marc:subfield>
      <marc:subfield code="v">Drama.</marc:subfield>
    </marc:datafield>
    <marc:datafield tag="700" ind1="1" ind2=" ">
      <marc:subfield code="a">Oplev, Niels Arden,</marc:subfield>
      <marc:subfield code="d">1961-</marc:subfield>
    </marc:datafield>
    <marc:datafield tag="700" ind1="1" ind2=" ">
      <marc:subfield code="a">Nyqvist, Michael,</marc:subfield>
      <marc:subfield code="d">1960-2017.</marc:subfield>
    </marc:datafield>
    <marc:datafield tag="700" ind1="1" ind2=" ">
      <marc:subfield code="a">Rapace, Noomi,</marc:subfield>
      <marc:subfield code="d">1979-</marc:subfield>
    </marc:datafield>
    <marc:datafield tag="700" ind1="1" ind2=" ">
      <marc:subfield code="a">Endre, Lena,</marc:subfield>
      <marc:subfield code="d">1955-</marc:subfield>
    </marc:datafield>
    <marc:datafield tag="700" ind1="1" ind2=" ">
      <marc:subfield code="a">Haber, Peter,</marc:subfield>
      <marc:subfield code="d">1952-</marc:subfield>
    </marc:datafield>
    <marc:datafield tag="700" ind1="1" ind2=" ">
      <marc:subfield code="a">Taube, Sven-Bertil,</marc:subfield>
      <marc:subfield code="d">1934-</marc:subfield>
    </marc:datafield>
    <marc:datafield tag="700" ind1="1" ind2=" ">
      <marc:subfield code="a">Larsson, Stieg</marc:subfield>
      <marc:subfield code="d">1954-2004.</marc:subfield>
      <marc:subfield code="i">Adaptation of work</marc:subfield>
      <marc:subfield code="t">Män som hatar kvinnor.</marc:subfield>
      <marc:subfield code="1">http://viaf.org/viaf/4188148523903220970001</marc:subfield>
      <marc:subfield code="4">http://rdaregistry.info/Elements/w/adaptationOfWork.en</marc:subfield>
    </marc:datafield>
    <marc:datafield tag="710" ind1="2" ind2=" ">
      <marc:subfield code="a">Music Box Films.</marc:subfield>
    </marc:datafield>
  </marc:record>