
  <marc:record>
    <marc:leader>01852ngm a2200373 a 4500</marc:leader>
    <marc:controlfield tag="001">017510097</marc:controlfield>
    <marc:controlfield tag="003">UkOxU</marc:controlfield>
    <marc:controlfield tag="005">20181016100730.0</marc:controlfield>
    <marc:controlfield tag="007">vd cvaizk</marc:controlfield>
    <marc:controlfield tag="008">110222p20102009enk124        q   vlswe d</marc:controlfield>
    <marc:datafield tag="028" ind1="4" ind2="1">
      <marc:subfield code="a">MP1016D</marc:subfield>
      <marc:subfield code="b">Momentum</marc:subfield>
    </marc:datafield>
    <marc:datafield tag="040" ind1=" " ind2=" ">
      <marc:subfield code="a">UkOxU</marc:subfield>
      <marc:subfield code="b">eng</marc:subfield>
      <marc:subfield code="c">UkOxU</marc:subfield>
    </marc:datafield>
    <marc:datafield tag="041" ind1="1" ind2=" ">
      <marc:subfield code="a">swe</marc:subfield>
      <marc:subfield code="a">eng</marc:subfield>
      <marc:subfield code="j">eng</marc:subfield>
      <marc:subfield code="h">swe</marc:subfield>
    </marc:datafield>
    <marc:datafield tag="245" ind1="0" ind2="4">
      <marc:subfield code="a">The girl who played with fire</marc:subfield>
      <marc:subfield code="h">[videorecording] /</marc:subfield>
      <marc:subfield code="c">directed by Daniel Alfredson.</marc:subfield>
    </marc:datafield>
    <marc:datafield tag="260" ind1=" " ind2=" ">
      <marc:subfield code="a">[S.l.] :</marc:subfield>
      <marc:subfield code="b">Momentum,</marc:subfield>
      <marc:subfield code="c">2010.</marc:subfield>
    </marc:datafield>
    <marc:datafield tag="300" ind1=" " ind2=" ">
      <marc:subfield code="a">1 DVD (124 min.) :</marc:subfield>
      <marc:subfield code="b">sd., col. ;</marc:subfield>
      <marc:subfield code="c">4 3/4 in.</marc:subfield>
    </marc:datafield>
    <marc:datafield tag="546" ind1=" " ind2=" ">
      <marc:subfield code="a">Swedish or English dialogue with English subtitles.</marc:subfield>
    </marc:datafield>
    <marc:datafield tag="500" ind1=" " ind2=" ">
      <marc:subfield code="a">Title from container.</marc:subfield>
    </marc:datafield>
    <marc:datafield tag="508" ind1=" " ind2=" ">
      <marc:subfield code="a">Based on the novel by Stieg Larson; screenplay by Jonas Frykberg; cinematography by Peter Mokrosinski; music by Jacob Groth; editing by Mattias Morheden.</marc:subfield>
    </marc:datafield>
    <marc:datafield tag="511" ind1="1" ind2=" ">
      <marc:subfield code="a">Michael Nyqvist; Noomi Rapace.</marc:subfield>
    </marc:datafield>
    <marc:datafield tag="500" ind1=" " ind2=" ">
      <marc:subfield code="a">DVD release of the 2009 motion picture.</marc:subfield>
    </marc:datafield>
    <marc:datafield tag="520" ind1=" " ind2=" ">
      <marc:subfield code="a">Back at Millenium's helm, Mikael Blomkvist is intent on exposing a billion-dollar sex-trafficking ring, but then two of his researchers are murdered. He realises there's more to this story than he first thought when Lisbeth Salander is framed for the crimes. Unconvinced that she is involved, he attempts to clear her name and uncover the real killers. But secretive hacker Salander goes on the run and soon stumbles upon secrets of her own past. Secrets that people would kill to keep hidden.</marc:subfield>
    </marc:datafield>
    <marc:datafield tag="538" ind1=" " ind2=" ">
      <marc:subfield code="a">DVD, region 2; PAL.</marc:subfield>
    </marc:datafield>
    <marc:datafield tag="521" ind1="8" ind2=" ">
      <marc:subfield code="a">UK Cert. 15.</marc:subfield>
    </marc:datafield>
    <marc:datafield tag="700" ind1="1" ind2=" ">
      <marc:subfield code="a">Alfredson, Daniel,</marc:subfield>
      <marc:subfield code="d">1959-</marc:subfield>
    </marc:datafield>
    <marc:datafield tag="700" ind1="1" ind2=" ">
      <marc:subfield code="a">Larsson, Stieg</marc:subfield>
      <marc:subfield code="d">1954-2004.</marc:subfield>
      <marc:subfield code="i">Adaptation of work</marc:subfield>
      <marc:subfield code="t">Flickan som lekte med elden.</marc:subfield>
      <marc:subfield code="1">http://viaf.org/viaf/1965149068358065730000</marc:subfield>
      <marc:subfield code="4">http://rdaregistry.info/Elements/w/adaptationOfWork.en</marc:subfield>
    </marc:datafield>
    <marc:datafield tag="700" ind1="1" ind2=" ">
      <marc:subfield code="a">Frykberg, Jonas.</marc:subfield>
    </marc:datafield>
    <marc:datafield tag="700" ind1="1" ind2=" ">
      <marc:subfield code="a">Mokrosinski, Peter.</marc:subfield>
    </marc:datafield>
    <marc:datafield tag="700" ind1="1" ind2=" ">
      <marc:subfield code="a">Groth, Jacob.</marc:subfield>
    </marc:datafield>
    <marc:datafield tag="700" ind1="1" ind2=" ">
      <marc:subfield code="a">Morheden, Mattias.</marc:subfield>
    </marc:datafield>
    <marc:datafield tag="700" ind1="1" ind2=" ">
      <marc:subfield code="a">Nyqvist, Michael,</marc:subfield>
      <marc:subfield code="d">1960-2017.</marc:subfield>
    </marc:datafield>
    <marc:datafield tag="700" ind1="1" ind2=" ">
      <marc:subfield code="a">Rapace, Noomi,</marc:subfield>
      <marc:subfield code="d">1979-</marc:subfield>
    </marc:datafield>
  </marc:record>