
  <marc:record>
    <marc:leader>02206ngm a22004457i 4500</marc:leader>
    <marc:controlfield tag="001">020152510</marc:controlfield>
    <marc:controlfield tag="003">UkOxU</marc:controlfield>
    <marc:controlfield tag="005">20150123163159.0</marc:controlfield>
    <marc:controlfield tag="007">vd cvaizs</marc:controlfield>
    <marc:controlfield tag="008">150123p20142009enk155 e      q   vlswe d</marc:controlfield>
    <marc:datafield tag="040" ind1=" " ind2=" ">
      <marc:subfield code="a">UkOxU</marc:subfield>
      <marc:subfield code="b">eng</marc:subfield>
      <marc:subfield code="e">rda</marc:subfield>
      <marc:subfield code="c">UkOxU</marc:subfield>
    </marc:datafield>
    <marc:datafield tag="041" ind1="1" ind2=" ">
      <marc:subfield code="a">swe</marc:subfield>
      <marc:subfield code="a">eng</marc:subfield>
      <marc:subfield code="j">eng</marc:subfield>
      <marc:subfield code="h">swe</marc:subfield>
    </marc:datafield>
    <marc:datafield tag="130" ind1="0" ind2="4">
      <marc:subfield code="a">Flickan som lekte med elden</marc:subfield>
      <marc:subfield code="1">https://www.imdb.com/title/tt1216487/</marc:subfield>
    </marc:datafield>
    <marc:datafield tag="245" ind1="0" ind2="4">
      <marc:subfield code="a">The girl who played with fire /</marc:subfield>
      <marc:subfield code="c">directed by Daniel Alfredson.</marc:subfield>
    </marc:datafield>
    <marc:datafield tag="264" ind1=" " ind2="1">
      <marc:subfield code="a">[London] :</marc:subfield>
      <marc:subfield code="b">Film Four,</marc:subfield>
      <marc:subfield code="c">2014.</marc:subfield>
    </marc:datafield>
    <marc:datafield tag="264" ind1=" " ind2="4">
      <marc:subfield code="c">©2014</marc:subfield>
    </marc:datafield>
    <marc:datafield tag="300" ind1=" " ind2=" ">
      <marc:subfield code="a">1 DVD (155 minutes) :</marc:subfield>
      <marc:subfield code="b">sound, colour ;</marc:subfield>
      <marc:subfield code="c">4 3/4 in.</marc:subfield>
    </marc:datafield>
    <marc:datafield tag="336" ind1=" " ind2=" ">
      <marc:subfield code="a">moving image</marc:subfield>
      <marc:subfield code="b">txt</marc:subfield>
      <marc:subfield code="0">http://rdaregistry.info/termList/RDAContentType/1020</marc:subfield>
      <marc:subfield code="2">rdacontent</marc:subfield>
    </marc:datafield>
    <marc:datafield tag="337" ind1=" " ind2=" ">
      <marc:subfield code="a">video</marc:subfield>
      <marc:subfield code="b">v</marc:subfield>
      <marc:subfield code="0">http://rdaregistry.info/termList/RDAMediaType/1008</marc:subfield>
      <marc:subfield code="2">rdamedia</marc:subfield>
    </marc:datafield>
    <marc:datafield tag="338" ind1=" " ind2=" ">
      <marc:subfield code="a">video disc</marc:subfield>
      <marc:subfield code="b">vd</marc:subfield>
      <marc:subfield code="0">http://rdaregistry.info/termList/RDACarrierType/1060</marc:subfield>
      <marc:subfield code="2">rdacarrier</marc:subfield>
    </marc:datafield>
    <marc:datafield tag="380" ind1=" " ind2=" ">
      <marc:subfield code="a">motion picture</marc:subfield>
      <marc:subfield code="2">marcgt</marc:subfield>
    </marc:datafield>
    <marc:datafield tag="344" ind1=" " ind2=" ">
      <marc:subfield code="a">digital</marc:subfield>
      <marc:subfield code="b">optical</marc:subfield>
      <marc:subfield code="g">stereo</marc:subfield>
      <marc:subfield code="2">rda</marc:subfield>
    </marc:datafield>
    <marc:datafield tag="346" ind1=" " ind2=" ">
      <marc:subfield code="b">PAL</marc:subfield>
      <marc:subfield code="2">rda</marc:subfield>
    </marc:datafield>
    <marc:datafield tag="347" ind1=" " ind2=" ">
      <marc:subfield code="a">video file</marc:subfield>
      <marc:subfield code="b">DVD video</marc:subfield>
      <marc:subfield code="e">region 2</marc:subfield>
      <marc:subfield code="2">rda</marc:subfield>
    </marc:datafield>
    <marc:datafield tag="500" ind1=" " ind2=" ">
      <marc:subfield code="a">Broadcast on Film Four on 17 December 2014 and recorded under licence. This recording is to be used only for educational purposes.</marc:subfield>
    </marc:datafield>
    <marc:datafield tag="546" ind1=" " ind2=" ">
      <marc:subfield code="a">Swedish or English dialogue with English subtitles.</marc:subfield>
    </marc:datafield>
    <marc:datafield tag="508" ind1=" " ind2=" ">
      <marc:subfield code="a">Based on the novel by Stieg Larson; screenplay by Jonas Frykberg; cinematography by Peter Mokrosinski; music by Jacob Groth; editing by Mattias Morheden.</marc:subfield>
    </marc:datafield>
    <marc:datafield tag="511" ind1="1" ind2=" ">
      <marc:subfield code="a">Cast: Michael Nyqvist; Noomi Rapace.</marc:subfield>
    </marc:datafield>
    <marc:datafield tag="508" ind1=" " ind2=" ">
      <marc:subfield code="a">Credits: Daniel Alfredson, director.</marc:subfield>
    </marc:datafield>
    <marc:datafield tag="500" ind1=" " ind2=" ">
      <marc:subfield code="a">DVD release of the 2009 motion picture.</marc:subfield>
    </marc:datafield>
    <marc:datafield tag="520" ind1=" " ind2=" ">
      <marc:subfield code="a">Back at Millenium's helm, Mikael Blomkvist is intent on exposing a billion-dollar sex-trafficking ring, but then two of his researchers are murdered. He realises there's more to this story than he first thought when Lisbeth Salander is framed for the crimes. Unconvinced that she is involved, he attempts to clear her name and uncover the real killers. But secretive hacker Salander goes on the run and soon stumbles upon secrets of her own past. Secrets that people would kill to keep hidden.</marc:subfield>
    </marc:datafield>
    <marc:datafield tag="538" ind1=" " ind2=" ">
      <marc:subfield code="a">DVD ; region 2 ; PAL.</marc:subfield>
    </marc:datafield>
    <marc:datafield tag="521" ind1="8" ind2=" ">
      <marc:subfield code="a">UK Cert. 15.</marc:subfield>
    </marc:datafield>
    <marc:datafield tag="700" ind1="1" ind2=" ">
      <marc:subfield code="a">Alfredson, Daniel,</marc:subfield>
      <marc:subfield code="d">1959-</marc:subfield>
    </marc:datafield>
    <marc:datafield tag="700" ind1="1" ind2=" ">
      <marc:subfield code="a">Larsson, Stieg</marc:subfield>
      <marc:subfield code="d">1954-2004.</marc:subfield>
      <marc:subfield code="i">Adaptation of work</marc:subfield>
      <marc:subfield code="t">Flickan som lekte med elden.</marc:subfield>
      <marc:subfield code="1">http://viaf.org/viaf/1965149068358065730000</marc:subfield>
      <marc:subfield code="4">http://rdaregistry.info/Elements/w/adaptationOfWork.en</marc:subfield>
    </marc:datafield>
    <marc:datafield tag="700" ind1="1" ind2=" ">
      <marc:subfield code="a">Frykberg, Jonas.</marc:subfield>
    </marc:datafield>
    <marc:datafield tag="700" ind1="1" ind2=" ">
      <marc:subfield code="a">Mokrosinski, Peter.</marc:subfield>
    </marc:datafield>
    <marc:datafield tag="700" ind1="1" ind2=" ">
      <marc:subfield code="a">Groth, Jacob.</marc:subfield>
    </marc:datafield>
    <marc:datafield tag="700" ind1="1" ind2=" ">
      <marc:subfield code="a">Morheden, Mattias.</marc:subfield>
    </marc:datafield>
    <marc:datafield tag="700" ind1="1" ind2=" ">
      <marc:subfield code="a">Nyqvist, Michael,</marc:subfield>
      <marc:subfield code="d">1960-2017.</marc:subfield>
    </marc:datafield>
    <marc:datafield tag="700" ind1="1" ind2=" ">
      <marc:subfield code="a">Rapace, Noomi,</marc:subfield>
      <marc:subfield code="d">1979-</marc:subfield>
    </marc:datafield>
  </marc:record>