
  <marc:record>
    <marc:leader>01165cam a2200361 c 4500</marc:leader>
    <marc:controlfield tag="001">990609731964702201</marc:controlfield>
    <marc:controlfield tag="005">20170320091901.0</marc:controlfield>
    <marc:controlfield tag="007">ta</marc:controlfield>
    <marc:controlfield tag="007">cr||||||||||||</marc:controlfield>
    <marc:controlfield tag="008">111020s2006    no ||||| |||||000|f|nob| </marc:controlfield>
    <marc:datafield tag="015" ind1=" " ind2=" ">
      <marc:subfield code="a">0611825</marc:subfield>
      <marc:subfield code="2">nbf</marc:subfield>
    </marc:datafield>
    <marc:datafield tag="020" ind1=" " ind2=" ">
      <marc:subfield code="a">9788203190933</marc:subfield>
      <marc:subfield code="q">h.</marc:subfield>
    </marc:datafield>
    <marc:datafield tag="020" ind1=" " ind2=" ">
      <marc:subfield code="a">8203190936</marc:subfield>
      <marc:subfield code="q">h.</marc:subfield>
      <marc:subfield code="c">Nkr 99.00</marc:subfield>
    </marc:datafield>
    <marc:datafield tag="035" ind1=" " ind2=" ">
      <marc:subfield code="a">060973196-47bibsys_network</marc:subfield>
    </marc:datafield>
    <marc:datafield tag="035" ind1=" " ind2=" ">
      <marc:subfield code="a">(NO-TrBIB)060973196</marc:subfield>
    </marc:datafield>
    <marc:datafield tag="035" ind1=" " ind2=" ">
      <marc:subfield code="a">(NO-TrBIB)114639663</marc:subfield>
    </marc:datafield>
    <marc:datafield tag="040" ind1=" " ind2=" ">
      <marc:subfield code="a">NO-OsNB</marc:subfield>
      <marc:subfield code="b">nob</marc:subfield>
      <marc:subfield code="e">katreg</marc:subfield>
    </marc:datafield>
    <marc:datafield tag="042" ind1=" " ind2=" ">
      <marc:subfield code="a">norbibl</marc:subfield>
    </marc:datafield>
    <marc:datafield tag="044" ind1=" " ind2=" ">
      <marc:subfield code="c">no</marc:subfield>
    </marc:datafield>
    <marc:datafield tag="082" ind1="7" ind2="4">
      <marc:subfield code="a">839.823</marc:subfield>
      <marc:subfield code="q">NO-OsNB</marc:subfield>
      <marc:subfield code="2">5/nor</marc:subfield>
    </marc:datafield>
    <marc:datafield tag="100" ind1="1" ind2=" ">
      <marc:subfield code="a">Nesbø, Jo</marc:subfield>
      <marc:subfield code="d">1960-</marc:subfield>
      <marc:subfield code="e">author</marc:subfield>
      <marc:subfield code="1">http://viaf.org/viaf/44460209</marc:subfield>
      <marc:subfield code="4">aut</marc:subfield>
    </marc:datafield>
    <marc:datafield tag="240" ind1="1" ind2="0">
      <marc:subfield code="a">Frelseren</marc:subfield>
      <marc:subfield code="l">Norsk</marc:subfield>
      <marc:subfield code="1">http://viaf.org/viaf/1466145424607486830095</marc:subfield>
    </marc:datafield>
    <marc:datafield tag="245" ind1="1" ind2="0">
      <marc:subfield code="a">Frelseren</marc:subfield>
      <marc:subfield code="b">kriminalroman</marc:subfield>
      <marc:subfield code="c">Jo Nesbø</marc:subfield>
    </marc:datafield>
    <marc:datafield tag="260" ind1=" " ind2=" ">
      <marc:subfield code="a">Oslo</marc:subfield>
      <marc:subfield code="b">Aschehoug</marc:subfield>
      <marc:subfield code="c">2006</marc:subfield>
    </marc:datafield>
    <marc:datafield tag="300" ind1=" " ind2=" ">
      <marc:subfield code="a">462 s.</marc:subfield>
    </marc:datafield>
    <marc:datafield tag="336" ind1=" " ind2=" ">
      <marc:subfield code="a">text</marc:subfield>
      <marc:subfield code="b">txt</marc:subfield>
      <marc:subfield code="0">http://rdaregistry.info/termList/RDAContentType/1020</marc:subfield>
      <marc:subfield code="2">rdacontent</marc:subfield>
    </marc:datafield>
    <marc:datafield tag="337" ind1=" " ind2=" ">
      <marc:subfield code="a">unmediated</marc:subfield>
      <marc:subfield code="b">n</marc:subfield>
      <marc:subfield code="0">http://www.rdaregistry.info/termList/RDAMediaType/1007</marc:subfield>
      <marc:subfield code="2">rdamedia</marc:subfield>
    </marc:datafield>
    <marc:datafield tag="338" ind1=" " ind2=" ">
      <marc:subfield code="a">volume</marc:subfield>
      <marc:subfield code="b">nc</marc:subfield>
      <marc:subfield code="0">http://rdaregistry.info/termList/RDACarrierType/1049</marc:subfield>
      <marc:subfield code="2">rdacarrier</marc:subfield>
    </marc:datafield>
    <marc:datafield tag="380" ind1=" " ind2=" ">
      <marc:subfield code="a">novel</marc:subfield>
      <marc:subfield code="2">marcgt</marc:subfield>
    </marc:datafield>
    <marc:datafield tag="490" ind1="1" ind2=" ">
      <marc:subfield code="a">Aschehoug krim</marc:subfield>
    </marc:datafield>
    <marc:datafield tag="500" ind1=" " ind2=" ">
      <marc:subfield code="a">1. norske utg. 2005</marc:subfield>
    </marc:datafield>
    <marc:datafield tag="830" ind1=" " ind2="0">
      <marc:subfield code="a">Aschehoug krim</marc:subfield>
    </marc:datafield>
    <marc:datafield tag="856" ind1="4" ind2="2">
      <marc:subfield code="3">Beskrivelse fra Forlagssentralen</marc:subfield>
      <marc:subfield code="u">http://content.bibsys.no/content/?type=descr_forlagssentr&amp;isbn=8203190936</marc:subfield>
    </marc:datafield>
    <marc:datafield tag="856" ind1="4" ind2="2">
      <marc:subfield code="3">Omslagsbilde</marc:subfield>
      <marc:subfield code="u">http://innhold.bibsys.no/bilde/forside/?size=mini&amp;id=LITE_150071778.jpg</marc:subfield>
      <marc:subfield code="q">image/jpeg</marc:subfield>
    </marc:datafield>
    <marc:datafield tag="901" ind1=" " ind2=" ">
      <marc:subfield code="a">90</marc:subfield>
    </marc:datafield>
    <marc:datafield tag="913" ind1=" " ind2=" ">
      <marc:subfield code="a">Norbok</marc:subfield>
      <marc:subfield code="b">NB</marc:subfield>
    </marc:datafield>
  </marc:record>