
  <marc:record>
    <marc:leader>00908nam a22002650  450 </marc:leader>
    <marc:controlfield tag="001">27948022</marc:controlfield>
    <marc:controlfield tag="005">20100211085920.0</marc:controlfield>
    <marc:controlfield tag="008">000000s2009    dk            00| f dan d</marc:controlfield>
    <marc:datafield tag="020" ind1=" " ind2=" ">
      <marc:subfield code="c">kr. 299,00</marc:subfield>
    </marc:datafield>
    <marc:datafield tag="041" ind1="1" ind2=" ">
      <marc:subfield code="a">dan</marc:subfield>
      <marc:subfield code="h">nor</marc:subfield>
    </marc:datafield>
    <marc:datafield tag="084" ind1=" " ind2=" ">
      <marc:subfield code="a">85:26</marc:subfield>
      <marc:subfield code="2">z</marc:subfield>
    </marc:datafield>
    <marc:datafield tag="100" ind1="1" ind2=" ">
      <marc:subfield code="a">Nesbø,̜ Jo.</marc:subfield>
      <marc:subfield code="d">1960-</marc:subfield>
      <marc:subfield code="e">author</marc:subfield>
      <marc:subfield code="1">http://viaf.org/viaf/44460209</marc:subfield>
      <marc:subfield code="4">aut</marc:subfield>
    </marc:datafield>
    <marc:datafield tag="240" ind1="1" ind2="0">
      <marc:subfield code="a">Panserhjerte</marc:subfield>
      <marc:subfield code="l">Dansk</marc:subfield>
      <marc:subfield code="1">http://viaf.org/viaf/312442134</marc:subfield>
    </marc:datafield>
    <marc:datafield tag="245" ind1="1" ind2="0">
      <marc:subfield code="a">Panserhjerte</marc:subfield>
      <marc:subfield code="b">kriminalroman</marc:subfield>
      <marc:subfield code="c">Jo Nesbø̜</marc:subfield>
    </marc:datafield>
    <marc:datafield tag="250" ind1=" " ind2=" ">
      <marc:subfield code="a">1. oplag.</marc:subfield>
    </marc:datafield>
    <marc:datafield tag="260" ind1=" " ind2=" ">
      <marc:subfield code="a">Århus</marc:subfield>
      <marc:subfield code="b">Modtryk</marc:subfield>
      <marc:subfield code="c">2009</marc:subfield>
    </marc:datafield>
    <marc:datafield tag="300" ind1=" " ind2=" ">
      <marc:subfield code="a">634 sider.</marc:subfield>
    </marc:datafield>
    <marc:datafield tag="336" ind1=" " ind2=" ">
      <marc:subfield code="a">text</marc:subfield>
      <marc:subfield code="b">txt</marc:subfield>
      <marc:subfield code="0">http://rdaregistry.info/termList/RDAContentType/1020</marc:subfield>
      <marc:subfield code="2">rdacontent</marc:subfield>
    </marc:datafield>
    <marc:datafield tag="337" ind1=" " ind2=" ">
      <marc:subfield code="a">unmediated</marc:subfield>
      <marc:subfield code="b">n</marc:subfield>
      <marc:subfield code="0">http://www.rdaregistry.info/termList/RDAMediaType/1007</marc:subfield>
      <marc:subfield code="2">rdamedia</marc:subfield>
    </marc:datafield>
    <marc:datafield tag="338" ind1=" " ind2=" ">
      <marc:subfield code="a">volume</marc:subfield>
      <marc:subfield code="b">nc</marc:subfield>
      <marc:subfield code="0">http://rdaregistry.info/termList/RDACarrierType/1049</marc:subfield>
      <marc:subfield code="2">rdacarrier</marc:subfield>
    </marc:datafield>
    <marc:datafield tag="380" ind1=" " ind2=" ">
      <marc:subfield code="a">novel</marc:subfield>
      <marc:subfield code="2">marcgt</marc:subfield>
    </marc:datafield>
    <marc:datafield tag="500" ind1=" " ind2=" ">
      <marc:subfield code="a">Krimiserien med: Harry Hole ; 8.</marc:subfield>
    </marc:datafield>
    <marc:datafield tag="520" ind1="8" ind2=" ">
      <marc:subfield code="a">Krimi. Den alkoholiserede og asociale Harry Hole fra drabsafdelingen i Oslo har egentlig sagt op, men bliver hentet tilbage til en makaber sag, hvor en seriemorder er p ̄spil. Sagen viser sig at vr̆e vidtforgrenet, og den udvikler sig dramatisk og fr̜er Harry Hole rundt i Norge og Congo.</marc:subfield>
    </marc:datafield>
    <marc:datafield tag="534" ind1=" " ind2=" ">
      <marc:subfield code="a">1. oplag. 2009.</marc:subfield>
    </marc:datafield>
    <marc:datafield tag="650" ind1=" " ind2="4">
      <marc:subfield code="a">krimi.</marc:subfield>
    </marc:datafield>
    <marc:datafield tag="650" ind1=" " ind2="4">
      <marc:subfield code="a">seriemordere.</marc:subfield>
    </marc:datafield>
    <marc:datafield tag="650" ind1=" " ind2="4">
      <marc:subfield code="a">Norge.</marc:subfield>
    </marc:datafield>
    <marc:datafield tag="650" ind1=" " ind2="4">
      <marc:subfield code="a">Oslo.</marc:subfield>
    </marc:datafield>
    <marc:datafield tag="650" ind1=" " ind2="4">
      <marc:subfield code="a">2000-2009.</marc:subfield>
    </marc:datafield>
  </marc:record>