
    <record>
        <leader>06685cim a22016577a 4500</leader>
        <controlfield tag="001">10432468</controlfield>
        <controlfield tag="003">SE-LIBR</controlfield>
        <controlfield tag="005">20170925134731.0</controlfield>
        <controlfield tag="007">sd|||||||||||</controlfield>
        <controlfield tag="008">070503s2007 sw ||||e ||||||f| f swe d</controlfield>
        <datafield tag="020" ind1=" " ind2=" ">
            <subfield code="a">978-91-642-2126-1</subfield>
            <subfield code="q">CD-skiva</subfield>
        </datafield>
        <datafield tag="035" ind1=" " ind2=" ">
            <subfield code="a">(BOKR)9789164221261</subfield>
        </datafield>
        <datafield tag="040" ind1=" " ind2=" ">
            <subfield code="a">BOKR</subfield>
            <subfield code="d">Hsd</subfield>
        </datafield>
        <datafield tag="041" ind1=" " ind2=" ">
            <subfield code="a">swe</subfield>
            <subfield code="h">nor</subfield>
        </datafield>
        <datafield tag="100" ind1="1" ind2=" ">
            <subfield code="a">Nesbø, Jo</subfield>
            <subfield code="d">1960-</subfield>
            <subfield code="e">author</subfield>
            <subfield code="1">http://viaf.org/viaf/44460209</subfield>
            <subfield code="4">aut</subfield>
        </datafield>
        <datafield tag="240" ind1="1" ind2="0">
            <subfield code="a">Frelseren</subfield>
            <subfield code="l">Svenska</subfield>
            <subfield code="1">http://viaf.org/viaf/1466145424607486830095</subfield>
        </datafield>
        <datafield tag="245" ind1="1" ind2="0">
            <subfield code="a">Frälsaren</subfield>
            <subfield code="c">Jo Nesbø̜</subfield>
            <subfield code="h">[Ljudupptagning]</subfield>
        </datafield>
        <datafield tag="260" ind1=" " ind2=" ">
            <subfield code="a">Stockholm</subfield>
            <subfield code="b">Piratförlaget</subfield>
            <subfield code="c">2007</subfield>
        </datafield>
        <datafield tag="300" ind1=" " ind2=" ">
            <subfield code="c">15 CD (17 tim.)</subfield>
        </datafield>
        <datafield tag="336" ind1=" " ind2=" ">
          <subfield code="a">spoken word</subfield>
          <subfield code="b">spw</subfield>
          <subfield code="0">http://rdaregistry.info/termList/RDAContentType/1020</subfield>
          <subfield code="2">rdacontent</subfield>
        </datafield>
        <datafield tag="337" ind1=" " ind2=" ">
          <subfield code="a">audio</subfield>
          <subfield code="b">s</subfield>
          <subfield code="0">http://www.rdaregistry.info/termList/RDAMediaType/1001</subfield>
          <subfield code="2">rdamedia</subfield>
        </datafield>
        <datafield tag="338" ind1=" " ind2=" ">
          <subfield code="a">audio disc</subfield>
          <subfield code="b">sd</subfield>
          <subfield code="0">http://rdaregistry.info/termList/RDACarrierType/1004</subfield>
          <subfield code="2">rdacarrier</subfield>
        </datafield>
        <datafield tag="380" ind1=" " ind2=" ">
          <subfield code="a">novel</subfield>
          <subfield code="2">marcgt</subfield>
        </datafield>
        <datafield tag="610" ind1="2" ind2="4">
            <subfield code="a">Harry Hole</subfield>
            <subfield code="c">(fiktiv gestalt)</subfield>
        </datafield>
        <datafield tag="655" ind1=" " ind2="7">
            <subfield code="a">Ljudböcker</subfield>
            <subfield code="2">saogf</subfield>
            <subfield code="0">347758</subfield>
        </datafield>
        <datafield tag="655" ind1=" " ind2="7">
            <subfield code="a">Thrillers</subfield>
            <subfield code="2">saogf</subfield>
            <subfield code="0">326237</subfield>
            <subfield code="0">365901</subfield>
        </datafield>
        <datafield tag="655" ind1=" " ind2="7">
            <subfield code="a">Deckare</subfield>
            <subfield code="2">saogf</subfield>
            <subfield code="0">243976</subfield>
            <subfield code="0">350793</subfield>
        </datafield>
        <datafield tag="655" ind1=" " ind2="7">
            <subfield code="a">Skönlitteratur</subfield>
            <subfield code="2">saogf</subfield>
            <subfield code="0">353512</subfield>
        </datafield>
        <datafield tag="655" ind1=" " ind2="7">
            <subfield code="a">Romaner</subfield>
            <subfield code="2">saogf</subfield>
            <subfield code="0">389072</subfield>
        </datafield>
        <datafield tag="700" ind1="1" ind2=" ">
            <subfield code="a">Waldecranz, Jan</subfield>
            <subfield code="e">narrator</subfield>
            <subfield code="4">nrt</subfield>
        </datafield>
        <datafield tag="700" ind1="1" ind2=" ">
            <subfield code="a">Olaisen, Per</subfield>
            <subfield code="e">translator</subfield>
            <subfield code="1">http://viaf.org/viaf/11821932</subfield>
            <subfield code="4">trl</subfield>
        </datafield>
        <datafield tag="700" ind1="1" ind2=" ">
            <subfield code="a">Nesbø, Jo</subfield>
            <subfield code="d">1960-</subfield>
            <subfield code="e">other</subfield>
            <subfield code="1">http://viaf.org/viaf/44460209</subfield>
            <subfield code="4">oth</subfield>
        </datafield>
        <datafield tag="955" ind1=" " ind2="k">
            <subfield code="6">655</subfield>
            <subfield code="w">h</subfield>
            <subfield code="a">Allegorier</subfield>
            <subfield code="u">Skönlitteratur</subfield>
        </datafield>
        <datafield tag="955" ind1=" " ind2="k">
            <subfield code="6">655</subfield>
            <subfield code="w">h</subfield>
            <subfield code="a">Arbetarskildringar</subfield>
            <subfield code="u">Skönlitteratur</subfield>
        </datafield>
        <datafield tag="955" ind1=" " ind2="k">
            <subfield code="6">655</subfield>
            <subfield code="w">h</subfield>
            <subfield code="a">Barndomsskildringar</subfield>
            <subfield code="u">Skönlitteratur</subfield>
        </datafield>
        <datafield tag="955" ind1=" " ind2="k">
            <subfield code="6">655</subfield>
            <subfield code="w">h</subfield>
            <subfield code="a">Biografiska skildringar</subfield>
            <subfield code="u">Skönlitteratur</subfield>
        </datafield>
        <datafield tag="955" ind1=" " ind2="k">
            <subfield code="6">655</subfield>
            <subfield code="w">h</subfield>
            <subfield code="a">Chick lit</subfield>
            <subfield code="u">Skönlitteratur</subfield>
        </datafield>
        <datafield tag="955" ind1=" " ind2="k">
            <subfield code="6">655</subfield>
            <subfield code="w">h</subfield>
            <subfield code="a">Deckare</subfield>
            <subfield code="u">Skönlitteratur</subfield>
        </datafield>
        <datafield tag="955" ind1=" " ind2="k">
            <subfield code="6">655</subfield>
            <subfield code="w">h</subfield>
            <subfield code="a">Dialektlitteratur</subfield>
            <subfield code="u">Skönlitteratur</subfield>
        </datafield>
        <datafield tag="955" ind1=" " ind2="k">
            <subfield code="6">655</subfield>
            <subfield code="w">h</subfield>
            <subfield code="a">Djurskildringar</subfield>
            <subfield code="u">Skönlitteratur</subfield>
        </datafield>
        <datafield tag="955" ind1=" " ind2="k">
            <subfield code="6">655</subfield>
            <subfield code="w">h</subfield>
            <subfield code="a">Dokumentära skildringar</subfield>
            <subfield code="u">Skönlitteratur</subfield>
        </datafield>
        <datafield tag="955" ind1=" " ind2="k">
            <subfield code="6">655</subfield>
            <subfield code="w">h</subfield>
            <subfield code="a">Dramatik</subfield>
            <subfield code="u">Skönlitteratur</subfield>
        </datafield>
        <datafield tag="955" ind1=" " ind2="k">
            <subfield code="6">655</subfield>
            <subfield code="w">h</subfield>
            <subfield code="a">Episka skildringar</subfield>
            <subfield code="u">Skönlitteratur</subfield>
        </datafield>
        <datafield tag="955" ind1=" " ind2="k">
            <subfield code="6">655</subfield>
            <subfield code="w">h</subfield>
            <subfield code="a">Erotiska skildringar</subfield>
            <subfield code="u">Skönlitteratur</subfield>
        </datafield>
        <datafield tag="955" ind1=" " ind2="k">
            <subfield code="6">655</subfield>
            <subfield code="w">h</subfield>
            <subfield code="a">Essäer</subfield>
            <subfield code="u">Skönlitteratur</subfield>
        </datafield>
        <datafield tag="955" ind1=" " ind2="k">
            <subfield code="6">655</subfield>
            <subfield code="w">h</subfield>
            <subfield code="a">Experimentell skönlitteratur</subfield>
            <subfield code="u">Skönlitteratur</subfield>
        </datafield>
        <datafield tag="955" ind1=" " ind2="k">
            <subfield code="6">655</subfield>
            <subfield code="w">h</subfield>
            <subfield code="a">Fabler</subfield>
            <subfield code="u">Skönlitteratur</subfield>
        </datafield>
        <datafield tag="955" ind1=" " ind2="k">
            <subfield code="6">655</subfield>
            <subfield code="w">h</subfield>
            <subfield code="a">Familjeskildringar</subfield>
            <subfield code="u">Skönlitteratur</subfield>
        </datafield>
        <datafield tag="955" ind1=" " ind2="k">
            <subfield code="6">655</subfield>
            <subfield code="w">h</subfield>
            <subfield code="a">Fanfiction</subfield>
            <subfield code="u">Skönlitteratur</subfield>
        </datafield>
        <datafield tag="955" ind1=" " ind2="k">
            <subfield code="6">655</subfield>
            <subfield code="w">h</subfield>
            <subfield code="a">Fantasy</subfield>
            <subfield code="u">Skönlitteratur</subfield>
        </datafield>
        <datafield tag="955" ind1=" " ind2="k">
            <subfield code="6">655</subfield>
            <subfield code="w">h</subfield>
            <subfield code="a">Feelgood</subfield>
            <subfield code="u">Skönlitteratur</subfield>
        </datafield>
        <datafield tag="955" ind1=" " ind2="k">
            <subfield code="6">655</subfield>
            <subfield code="w">h</subfield>
            <subfield code="a">Folkdiktning</subfield>
            <subfield code="u">Skönlitteratur</subfield>
        </datafield>
        <datafield tag="955" ind1=" " ind2="k">
            <subfield code="6">655</subfield>
            <subfield code="w">h</subfield>
            <subfield code="a">Framtidsskildringar</subfield>
            <subfield code="u">Skönlitteratur</subfield>
        </datafield>
        <datafield tag="955" ind1=" " ind2="k">
            <subfield code="6">655</subfield>
            <subfield code="w">h</subfield>
            <subfield code="a">Följetonger</subfield>
            <subfield code="u">Skönlitteratur</subfield>
        </datafield>
        <datafield tag="955" ind1=" " ind2="k">
            <subfield code="6">655</subfield>
            <subfield code="w">h</subfield>
            <subfield code="a">Herdediktning</subfield>
            <subfield code="u">Skönlitteratur</subfield>
        </datafield>
        <datafield tag="955" ind1=" " ind2="k">
            <subfield code="6">655</subfield>
            <subfield code="w">h</subfield>
            <subfield code="a">Historiska skildringar</subfield>
            <subfield code="u">Skönlitteratur</subfield>
        </datafield>
        <datafield tag="955" ind1=" " ind2="k">
            <subfield code="6">655</subfield>
            <subfield code="w">h</subfield>
            <subfield code="a">Humor</subfield>
            <subfield code="u">Skönlitteratur</subfield>
        </datafield>
        <datafield tag="955" ind1=" " ind2="k">
            <subfield code="6">655</subfield>
            <subfield code="w">h</subfield>
            <subfield code="a">Kontrafaktisk historia</subfield>
            <subfield code="u">Skönlitteratur</subfield>
        </datafield>
        <datafield tag="955" ind1=" " ind2="k">
            <subfield code="6">655</subfield>
            <subfield code="w">h</subfield>
            <subfield code="a">Krigsskildringar</subfield>
            <subfield code="u">Skönlitteratur</subfield>
        </datafield>
        <datafield tag="955" ind1=" " ind2="k">
            <subfield code="6">655</subfield>
            <subfield code="w">h</subfield>
            <subfield code="a">Kärleksskildringar</subfield>
            <subfield code="u">Skönlitteratur</subfield>
        </datafield>
        <datafield tag="955" ind1=" " ind2="k">
            <subfield code="6">655</subfield>
            <subfield code="w">h</subfield>
            <subfield code="a">Magisk realism</subfield>
            <subfield code="u">Skönlitteratur</subfield>
        </datafield>
        <datafield tag="955" ind1=" " ind2="k">
            <subfield code="6">655</subfield>
            <subfield code="w">h</subfield>
            <subfield code="a">Noveller</subfield>
            <subfield code="u">Skönlitteratur</subfield>
        </datafield>
        <datafield tag="955" ind1=" " ind2="k">
            <subfield code="6">655</subfield>
            <subfield code="w">h</subfield>
            <subfield code="a">Parafraser</subfield>
            <subfield code="u">Skönlitteratur</subfield>
        </datafield>
        <datafield tag="955" ind1=" " ind2="k">
            <subfield code="6">655</subfield>
            <subfield code="w">h</subfield>
            <subfield code="a">Parodier</subfield>
            <subfield code="u">Skönlitteratur</subfield>
        </datafield>
        <datafield tag="955" ind1=" " ind2="k">
            <subfield code="6">655</subfield>
            <subfield code="w">h</subfield>
            <subfield code="a">Pastischer</subfield>
            <subfield code="u">Skönlitteratur</subfield>
        </datafield>
        <datafield tag="955" ind1=" " ind2="k">
            <subfield code="6">655</subfield>
            <subfield code="w">h</subfield>
            <subfield code="a">Psykologiska skildringar</subfield>
            <subfield code="u">Skönlitteratur</subfield>
        </datafield>
        <datafield tag="955" ind1=" " ind2="k">
            <subfield code="6">655</subfield>
            <subfield code="w">h</subfield>
            <subfield code="a">Poesi</subfield>
            <subfield code="u">Skönlitteratur</subfield>
        </datafield>
        <datafield tag="955" ind1=" " ind2="k">
            <subfield code="6">655</subfield>
            <subfield code="w">h</subfield>
            <subfield code="a">Politiska skildringar</subfield>
            <subfield code="u">Skönlitteratur</subfield>
        </datafield>
        <datafield tag="955" ind1=" " ind2="k">
            <subfield code="6">655</subfield>
            <subfield code="w">h</subfield>
            <subfield code="a">Ramberättelser</subfield>
            <subfield code="u">Skönlitteratur</subfield>
        </datafield>
        <datafield tag="955" ind1=" " ind2="k">
            <subfield code="6">655</subfield>
            <subfield code="w">h</subfield>
            <subfield code="a">Relationsskildringar</subfield>
            <subfield code="u">Skönlitteratur</subfield>
        </datafield>
        <datafield tag="955" ind1=" " ind2="k">
            <subfield code="6">655</subfield>
            <subfield code="w">h</subfield>
            <subfield code="a">Religiösa skildringar</subfield>
            <subfield code="u">Skönlitteratur</subfield>
        </datafield>
        <datafield tag="955" ind1=" " ind2="k">
            <subfield code="6">655</subfield>
            <subfield code="w">h</subfield>
            <subfield code="a">Riddardiktning</subfield>
            <subfield code="u">Skönlitteratur</subfield>
        </datafield>
        <datafield tag="955" ind1=" " ind2="k">
            <subfield code="6">655</subfield>
            <subfield code="w">h</subfield>
            <subfield code="a">Robinsonader</subfield>
            <subfield code="u">Skönlitteratur</subfield>
        </datafield>
        <datafield tag="955" ind1=" " ind2="k">
            <subfield code="6">655</subfield>
            <subfield code="w">h</subfield>
            <subfield code="a">Romaner</subfield>
            <subfield code="u">Skönlitteratur</subfield>
        </datafield>
        <datafield tag="955" ind1=" " ind2="k">
            <subfield code="6">655</subfield>
            <subfield code="w">h</subfield>
            <subfield code="a">Sagalitteratur</subfield>
            <subfield code="u">Skönlitteratur</subfield>
        </datafield>
        <datafield tag="955" ind1=" " ind2="k">
            <subfield code="6">655</subfield>
            <subfield code="w">h</subfield>
            <subfield code="a">Sagor</subfield>
            <subfield code="u">Skönlitteratur</subfield>
        </datafield>
        <datafield tag="955" ind1=" " ind2="k">
            <subfield code="6">655</subfield>
            <subfield code="w">h</subfield>
            <subfield code="a">Samhällskritiska skildringar</subfield>
            <subfield code="u">Skönlitteratur</subfield>
        </datafield>
        <datafield tag="955" ind1=" " ind2="k">
            <subfield code="6">655</subfield>
            <subfield code="w">h</subfield>
            <subfield code="a">Samhällsskildringar</subfield>
            <subfield code="u">Skönlitteratur</subfield>
        </datafield>
        <datafield tag="955" ind1=" " ind2="k">
            <subfield code="6">655</subfield>
            <subfield code="w">h</subfield>
            <subfield code="a">Satir</subfield>
            <subfield code="u">Skönlitteratur</subfield>
        </datafield>
        <datafield tag="955" ind1=" " ind2="k">
            <subfield code="6">655</subfield>
            <subfield code="w">h</subfield>
            <subfield code="a">Science fiction</subfield>
            <subfield code="u">Skönlitteratur</subfield>
        </datafield>
        <datafield tag="955" ind1=" " ind2="k">
            <subfield code="6">655</subfield>
            <subfield code="w">h</subfield>
            <subfield code="a">Sedeskildringar</subfield>
            <subfield code="u">Skönlitteratur</subfield>
        </datafield>
        <datafield tag="955" ind1=" " ind2="k">
            <subfield code="6">655</subfield>
            <subfield code="w">h</subfield>
            <subfield code="a">Sjukdomsskildringar</subfield>
            <subfield code="u">Skönlitteratur</subfield>
        </datafield>
        <datafield tag="955" ind1=" " ind2="k">
            <subfield code="6">655</subfield>
            <subfield code="w">h</subfield>
            <subfield code="a">Sjöberättelser</subfield>
            <subfield code="u">Skönlitteratur</subfield>
        </datafield>
        <datafield tag="955" ind1=" " ind2="k">
            <subfield code="6">655</subfield>
            <subfield code="w">h</subfield>
            <subfield code="a">Skräck</subfield>
            <subfield code="u">Skönlitteratur</subfield>
        </datafield>
        <datafield tag="955" ind1=" " ind2="k">
            <subfield code="6">655</subfield>
            <subfield code="w">h</subfield>
            <subfield code="a">Släktskildringar</subfield>
            <subfield code="u">Skönlitteratur</subfield>
        </datafield>
        <datafield tag="955" ind1=" " ind2="k">
            <subfield code="6">655</subfield>
            <subfield code="w">h</subfield>
            <subfield code="a">Tecknade serier</subfield>
            <subfield code="u">Skönlitteratur</subfield>
        </datafield>
        <datafield tag="955" ind1=" " ind2="k">
            <subfield code="6">655</subfield>
            <subfield code="w">h</subfield>
            <subfield code="a">Thrillers</subfield>
            <subfield code="u">Skönlitteratur</subfield>
        </datafield>
        <datafield tag="955" ind1=" " ind2="k">
            <subfield code="6">655</subfield>
            <subfield code="w">h</subfield>
            <subfield code="a">Utopier</subfield>
            <subfield code="u">Skönlitteratur</subfield>
        </datafield>
        <datafield tag="955" ind1=" " ind2="k">
            <subfield code="6">655</subfield>
            <subfield code="w">h</subfield>
            <subfield code="a">Versberättelser</subfield>
            <subfield code="u">Skönlitteratur</subfield>
        </datafield>
        <datafield tag="955" ind1=" " ind2="k">
            <subfield code="6">655</subfield>
            <subfield code="w">h</subfield>
            <subfield code="a">Västernskildringar</subfield>
            <subfield code="u">Skönlitteratur</subfield>
        </datafield>
        <datafield tag="955" ind1=" " ind2="k">
            <subfield code="6">655</subfield>
            <subfield code="w">h</subfield>
            <subfield code="a">Äventyrsskildringar</subfield>
            <subfield code="u">Skönlitteratur</subfield>
        </datafield>
        <datafield tag="955" ind1=" " ind2="s">
            <subfield code="6">655</subfield>
            <subfield code="a">CD-böcker</subfield>
            <subfield code="u">Ljudböcker</subfield>
        </datafield>
        <datafield tag="955" ind1=" " ind2="s">
            <subfield code="6">655</subfield>
            <subfield code="a">E-ljudböcker</subfield>
            <subfield code="u">Ljudböcker</subfield>
        </datafield>
        <datafield tag="955" ind1=" " ind2="s">
            <subfield code="6">655</subfield>
            <subfield code="a">Hörböcker</subfield>
            <subfield code="u">Ljudböcker</subfield>
        </datafield>
        <datafield tag="955" ind1=" " ind2="s">
            <subfield code="6">655</subfield>
            <subfield code="a">Kassettböcker</subfield>
            <subfield code="u">Ljudböcker</subfield>
        </datafield>
        <datafield tag="955" ind1=" " ind2="s">
            <subfield code="6">655</subfield>
            <subfield code="a">MP3-böcker</subfield>
            <subfield code="u">Ljudböcker</subfield>
        </datafield>
        <datafield tag="955" ind1=" " ind2="k">
            <subfield code="6">655</subfield>
            <subfield code="a">Talböcker</subfield>
            <subfield code="u">Ljudböcker</subfield>
        </datafield>
        <datafield tag="955" ind1=" " ind2="s">
            <subfield code="6">655</subfield>
            <subfield code="a">Agentberättelser</subfield>
            <subfield code="u">Thrillers</subfield>
        </datafield>
        <datafield tag="955" ind1=" " ind2="s">
            <subfield code="6">655</subfield>
            <subfield code="a">Agentromaner</subfield>
            <subfield code="u">Thrillers</subfield>
        </datafield>
        <datafield tag="955" ind1=" " ind2="s">
            <subfield code="6">655</subfield>
            <subfield code="w">||e</subfield>
            <subfield code="a">Psykologiska thrillers</subfield>
            <subfield code="u">Thrillers</subfield>
        </datafield>
        <datafield tag="955" ind1=" " ind2="s">
            <subfield code="6">655</subfield>
            <subfield code="a">Spionberättelser</subfield>
            <subfield code="u">Thrillers</subfield>
        </datafield>
        <datafield tag="955" ind1=" " ind2="s">
            <subfield code="6">655</subfield>
            <subfield code="w">||e</subfield>
            <subfield code="a">Spionromaner</subfield>
            <subfield code="u">Thrillers</subfield>
        </datafield>
        <datafield tag="955" ind1=" " ind2="s">
            <subfield code="6">655</subfield>
            <subfield code="a">Spänningsromaner</subfield>
            <subfield code="u">Thrillers</subfield>
        </datafield>
        <datafield tag="955" ind1=" " ind2="k">
            <subfield code="6">655</subfield>
            <subfield code="w">g</subfield>
            <subfield code="a">Skönlitteratur</subfield>
            <subfield code="u">Thrillers</subfield>
        </datafield>
        <datafield tag="955" ind1=" " ind2="s">
            <subfield code="6">655</subfield>
            <subfield code="a">Detektivromaner</subfield>
            <subfield code="u">Deckare</subfield>
        </datafield>
        <datafield tag="955" ind1=" " ind2="s">
            <subfield code="6">655</subfield>
            <subfield code="w">||e</subfield>
            <subfield code="a">Historiska deckare</subfield>
            <subfield code="u">Deckare</subfield>
        </datafield>
        <datafield tag="955" ind1=" " ind2="s">
            <subfield code="6">655</subfield>
            <subfield code="w">||e</subfield>
            <subfield code="a">Hårdkokta deckare</subfield>
            <subfield code="u">Deckare</subfield>
        </datafield>
        <datafield tag="955" ind1=" " ind2="s">
            <subfield code="6">655</subfield>
            <subfield code="a">Kriminalromaner</subfield>
            <subfield code="u">Deckare</subfield>
        </datafield>
        <datafield tag="955" ind1=" " ind2="s">
            <subfield code="6">655</subfield>
            <subfield code="w">||e</subfield>
            <subfield code="a">Polisromaner</subfield>
            <subfield code="u">Deckare</subfield>
        </datafield>
        <datafield tag="955" ind1=" " ind2="s">
            <subfield code="6">655</subfield>
            <subfield code="w">||e</subfield>
            <subfield code="a">Psykologiska deckare</subfield>
            <subfield code="u">Deckare</subfield>
        </datafield>
        <datafield tag="955" ind1=" " ind2="s">
            <subfield code="6">655</subfield>
            <subfield code="w">||e</subfield>
            <subfield code="a">Pusseldeckare</subfield>
            <subfield code="u">Deckare</subfield>
        </datafield>
        <datafield tag="955" ind1=" " ind2="k">
            <subfield code="6">655</subfield>
            <subfield code="w">g</subfield>
            <subfield code="a">Skönlitteratur</subfield>
            <subfield code="u">Deckare</subfield>
        </datafield>
        <datafield tag="955" ind1=" " ind2="k">
            <subfield code="6">655</subfield>
            <subfield code="w">g</subfield>
            <subfield code="a">Skönlitteratur</subfield>
            <subfield code="u">Romaner</subfield>
        </datafield>
        <datafield tag="955" ind1=" " ind2="k">
            <subfield code="6">655</subfield>
            <subfield code="w">h</subfield>
            <subfield code="a">Brevromaner</subfield>
            <subfield code="u">Romaner</subfield>
        </datafield>
        <datafield tag="955" ind1=" " ind2="k">
            <subfield code="6">655</subfield>
            <subfield code="w">h</subfield>
            <subfield code="a">Dagboksromaner</subfield>
            <subfield code="u">Romaner</subfield>
        </datafield>
        <datafield tag="955" ind1=" " ind2="k">
            <subfield code="6">655</subfield>
            <subfield code="w">h</subfield>
            <subfield code="a">Kollektivromaner</subfield>
            <subfield code="u">Romaner</subfield>
        </datafield>
        <datafield tag="955" ind1=" " ind2="k">
            <subfield code="6">655</subfield>
            <subfield code="w">h</subfield>
            <subfield code="a">Nyckelromaner</subfield>
            <subfield code="u">Romaner</subfield>
        </datafield>
        <datafield tag="955" ind1=" " ind2="k">
            <subfield code="6">655</subfield>
            <subfield code="w">h</subfield>
            <subfield code="a">Pikareskromaner</subfield>
            <subfield code="u">Romaner</subfield>
        </datafield>
        <datafield tag="955" ind1=" " ind2="k">
            <subfield code="6">655</subfield>
            <subfield code="w">h</subfield>
            <subfield code="a">Serieromaner</subfield>
            <subfield code="u">Romaner</subfield>
        </datafield>
        <datafield tag="955" ind1=" " ind2="k">
            <subfield code="6">655</subfield>
            <subfield code="w">h</subfield>
            <subfield code="a">Utvecklingsromaner</subfield>
            <subfield code="u">Romaner</subfield>
        </datafield>
        <datafield tag="841" ind1=" " ind2=" ">
            <subfield code="5">Areb</subfield>
            <subfield code="a">u a</subfield>
            <subfield code="b">140707||0000|||||001||||||000000</subfield>
            <subfield code="e">1</subfield>
        </datafield>
        <datafield tag="841" ind1=" " ind2=" ">
            <subfield code="5">Bo</subfield>
            <subfield code="a">u a</subfield>
            <subfield code="b">140401||0000|||||001||||||000000</subfield>
            <subfield code="e">1</subfield>
        </datafield>
        <datafield tag="035" ind1=" " ind2=" ">
            <subfield code="5">Bo</subfield>
            <subfield code="a">(Bo)403931</subfield>
        </datafield>
        <datafield tag="841" ind1=" " ind2=" ">
            <subfield code="5">Gbg</subfield>
            <subfield code="a">u a</subfield>
            <subfield code="b">080825||0000|||||001||||||000000</subfield>
            <subfield code="e">1</subfield>
        </datafield>
        <datafield tag="841" ind1=" " ind2=" ">
            <subfield code="5">Hsd</subfield>
            <subfield code="a">x a</subfield>
            <subfield code="b">1709254u 8 1001uu 0901128</subfield>
            <subfield code="e">4</subfield>
        </datafield>
        <datafield tag="841" ind1=" " ind2=" ">
            <subfield code="5">Kld1</subfield>
            <subfield code="a">x a</subfield>
            <subfield code="b">140625||0000|||||001||||||000000</subfield>
            <subfield code="e">1</subfield>
        </datafield>
        <datafield tag="841" ind1=" " ind2=" ">
            <subfield code="5">Mo</subfield>
            <subfield code="a">x a</subfield>
            <subfield code="b">090223||0000|||||001||||||000000</subfield>
            <subfield code="e">1</subfield>
        </datafield>
        <datafield tag="035" ind1=" " ind2=" ">
            <subfield code="5">Mo</subfield>
            <subfield code="a">BTJ483576877</subfield>
        </datafield>
        <datafield tag="035" ind1=" " ind2=" ">
            <subfield code="5">Mo</subfield>
            <subfield code="a">(Mo)b1659050</subfield>
        </datafield>
        <datafield tag="084" ind1=" " ind2=" ">
            <subfield code="5">Mo</subfield>
            <subfield code="a">Hcedb.01</subfield>
            <subfield code="2">kssb/8</subfield>
        </datafield>
        <datafield tag="500" ind1=" " ind2=" ">
            <subfield code="5">Mo</subfield>
            <subfield code="a">Orig:s titel: Frelseren</subfield>
        </datafield>
        <datafield tag="500" ind1=" " ind2=" ">
            <subfield code="5">Mo</subfield>
            <subfield code="a">Inläsare: Jan Waldekrantz</subfield>
        </datafield>
        <datafield tag="546" ind1=" " ind2=" ">
            <subfield code="5">Mo</subfield>
            <subfield code="a">svenska</subfield>
        </datafield>
        <datafield tag="653" ind1=" " ind2=" ">
            <subfield code="5">Mo</subfield>
            <subfield code="a">Skönlitteratur</subfield>
        </datafield>
        <datafield tag="653" ind1=" " ind2=" ">
            <subfield code="5">Mo</subfield>
            <subfield code="a">Spänning</subfield>
        </datafield>
        <datafield tag="653" ind1=" " ind2=" ">
            <subfield code="5">Mo</subfield>
            <subfield code="a">Deckare</subfield>
        </datafield>
        <datafield tag="655" ind1=" " ind2="4">
            <subfield code="5">Mo</subfield>
            <subfield code="a">Ljudbok cd</subfield>
        </datafield>
    </record>