
    <record>
        <leader>01369cam a22003378a 4500</leader>
        <controlfield tag="001">16399615</controlfield>
        <controlfield tag="003">SE-LIBR</controlfield>
        <controlfield tag="005">20181016090805.0</controlfield>
        <controlfield tag="008">140415s2012 xx |||||||||||000 0|eng|d</controlfield>
        <datafield tag="020" ind1=" " ind2=" ">
            <subfield code="a">9780099566052</subfield>
            <subfield code="q">pocket</subfield>
        </datafield>
        <datafield tag="035" ind1=" " ind2=" ">
            <subfield code="a">(BOKR)9780099566052</subfield>
        </datafield>
        <datafield tag="040" ind1=" " ind2=" ">
            <subfield code="a">BOKR</subfield>
            <subfield code="e">a</subfield>
            <subfield code="e">i</subfield>
        </datafield>
        <datafield tag="041" ind1=" " ind2=" ">
            <subfield code="a">eng</subfield>
        </datafield>
        <datafield tag="100" ind1="1" ind2=" ">
            <subfield code="a">Nesbø, Jo</subfield>
            <subfield code="d">1960-</subfield>
            <subfield code="e">author</subfield>
            <subfield code="1">http://viaf.org/viaf/44460209</subfield>
            <subfield code="4">aut</subfield>
        </datafield>
        <datafield tag="240" ind1="1" ind2="0">
          <subfield code="a">Hodejegerne</subfield>
          <subfield code="l">English</subfield>
          <subfield code="1">http://viaf.org/viaf/2490154501856639210005</subfield>
        </datafield>
        <datafield tag="245" ind1="1" ind2="0">
            <subfield code="a">Headhunters (Film Tie-In)</subfield>
            <subfield code="c">Jo Nesbø̜</subfield>
        </datafield>
        <datafield tag="263" ind1=" " ind2=" ">
            <subfield code="a">201205</subfield>
        </datafield>
        <datafield tag="264" ind1=" " ind2="1">
            <subfield code="b">Random House UK</subfield>
            <subfield code="c">2012</subfield>
        </datafield>
        <datafield tag="300" ind1=" " ind2=" ">
            <subfield code="c">17.8 cm</subfield>
        </datafield>
        <datafield tag="336" ind1=" " ind2=" ">
            <subfield code="a">text</subfield>
            <subfield code="b">txt</subfield>
            <subfield code="0">http://rdaregistry.info/termList/RDAContentType/1020</subfield>
            <subfield code="2">rdacontent</subfield>
        </datafield>
        <datafield tag="337" ind1=" " ind2=" ">
            <subfield code="a">unmediated</subfield>
            <subfield code="b">n</subfield>
            <subfield code="0">http://www.rdaregistry.info/termList/RDAMediaType/1007</subfield>
            <subfield code="2">rdamedia</subfield>
        </datafield>
        <datafield tag="338" ind1=" " ind2=" ">
            <subfield code="a">volume</subfield>
            <subfield code="b">nc</subfield>
            <subfield code="0">http://rdaregistry.info/termList/RDACarrierType/1049</subfield>
            <subfield code="2">rdacarrier</subfield>
        </datafield>
        <datafield tag="340" ind1=" " ind2=" ">
            <subfield code="b">17.8 cm</subfield>
        </datafield>
        <datafield tag="380" ind1=" " ind2=" ">
          <subfield code="a">novel</subfield>
          <subfield code="2">marcgt</subfield>
        </datafield>
        <datafield tag="599" ind1=" " ind2=" ">
            <subfield code="a"> Maskinellt genererad post. Ändra kod för fullständighetsnivå
                (leader/17), annars kommer manuellt gjorda ändringar att försvinna. </subfield>
        </datafield>
        <datafield tag="655" ind1=" " ind2="4">
            <subfield code="0"> https://id.kb.se/marc/NotFictionNotFurtherSpecified </subfield>
        </datafield>
        <datafield tag="887" ind1=" " ind2=" ">
            <subfield code="a">
                {"@id":"h1t1q6lt2hw47j4","modified":"2018-10-16T09:08:05.527+02:00","checksum":"52349835490"} </subfield>
            <subfield code="2">librisxl</subfield>
        </datafield>
        <datafield tag="841" ind1=" " ind2=" ">
            <subfield code="5">BOKR</subfield>
            <subfield code="a">x a</subfield>
            <subfield code="b">180702||0000|||||000||||||000000</subfield>
            <subfield code="e">1</subfield>
        </datafield>
        <datafield tag="887" ind1=" " ind2=" ">
            <subfield code="5">BOKR</subfield>
            <subfield code="a">
                {"@id":"x5tbk8k7vmm0k0w7","modified":"2018-07-02T12:49:13.267+02:00","checksum":"-10974629918"} </subfield>
            <subfield code="2">librisxl</subfield>
        </datafield>
    </record>