
    <record>
        <leader>02112cim a22006258a 4500</leader>
        <controlfield tag="001">10611365</controlfield>
        <controlfield tag="003">SE-LIBR</controlfield>
        <controlfield tag="005">20170406125219.0</controlfield>
        <controlfield tag="007">sd||||||||||||</controlfield>
        <controlfield tag="008">071123s2008 sw |||| |||||||| | swe d</controlfield>
        <datafield tag="020" ind1=" " ind2=" ">
            <subfield code="a">978-91-642-2141-4 (CD-skiva)</subfield>
        </datafield>
        <datafield tag="035" ind1=" " ind2=" ">
            <subfield code="a">(BOKR)9789164221414</subfield>
        </datafield>
        <datafield tag="040" ind1=" " ind2=" ">
            <subfield code="a">BOKR</subfield>
        </datafield>
        <datafield tag="100" ind1="1" ind2=" ">
            <subfield code="a">Nesbø, Jo</subfield>
            <subfield code="d">1960-</subfield>
            <subfield code="e">author</subfield>
            <subfield code="1">http://viaf.org/viaf/44460209</subfield>
            <subfield code="4">aut</subfield>
        </datafield>
        <datafield tag="240" ind1="1" ind2="0">
            <subfield code="a">Marekors</subfield>
            <subfield code="l">Svenska</subfield>
            <subfield code="1">http://viaf.org/viaf/1753145424623686830733</subfield>
        </datafield>
        <datafield tag="245" ind1="1" ind2="0">
            <subfield code="a">Djävulsstjärnan</subfield>
            <subfield code="c">Jo Nesbø̜</subfield>
            <subfield code="h">Ljudupptagning</subfield>
        </datafield>
        <datafield tag="260" ind1=" " ind2=" ">
            <subfield code="a">Stockholm</subfield>
            <subfield code="b">Piratförlaget</subfield>
            <subfield code="c">2008</subfield>
        </datafield>
        <datafield tag="263" ind1=" " ind2=" ">
            <subfield code="a">200805</subfield>
        </datafield>
        <datafield tag="300" ind1=" " ind2=" ">
            <subfield code="a">14 CD ;</subfield>
            <subfield code="c">13 cm</subfield>
        </datafield>
        <datafield tag="336" ind1=" " ind2=" ">
          <subfield code="a">spoken word</subfield>
          <subfield code="b">spw</subfield>
          <subfield code="0">http://rdaregistry.info/termList/RDAContentType/1020</subfield>
          <subfield code="2">rdacontent</subfield>
        </datafield>
        <datafield tag="337" ind1=" " ind2=" ">
          <subfield code="a">audio</subfield>
          <subfield code="b">s</subfield>
          <subfield code="0">http://www.rdaregistry.info/termList/RDAMediaType/1001</subfield>
          <subfield code="2">rdamedia</subfield>
        </datafield>
        <datafield tag="338" ind1=" " ind2=" ">
          <subfield code="a">audio disc</subfield>
          <subfield code="b">sd</subfield>
          <subfield code="0">http://rdaregistry.info/termList/RDACarrierType/1004</subfield>
          <subfield code="2">rdacarrier</subfield>
        </datafield>
        <datafield tag="380" ind1=" " ind2=" ">
          <subfield code="a">novel</subfield>
          <subfield code="2">marcgt</subfield>
        </datafield>
        <datafield tag="490" ind1="0" ind2=" ">
            <subfield code="a">Harry Hole</subfield>
        </datafield>
        <datafield tag="599" ind1=" " ind2=" ">
            <subfield code="a"> Maskinellt genererad post. Ändra kod för fullständighetsnivå
                (leader/17), annars kommer manuellt gjorda ändringar att försvinna. </subfield>
        </datafield>
        <datafield tag="655" ind1=" " ind2="7">
            <subfield code="a">Ljudböcker</subfield>
            <subfield code="2">saogf</subfield>
            <subfield code="0">347758</subfield>
        </datafield>
        <datafield tag="700" ind1="1" ind2=" ">
            <subfield code="a">Waldekranz, Jan</subfield>
            <subfield code="e">narrator</subfield>
            <subfield code="4">nrt</subfield>
        </datafield>
        <datafield tag="700" ind1="1" ind2=" ">
            <subfield code="a">Olaisen, Per</subfield>
            <subfield code="e">translator</subfield>
            <subfield code="1">http://viaf.org/viaf/11821932</subfield>
            <subfield code="4">trl</subfield>
        </datafield>
        <datafield tag="700" ind1="1" ind2=" ">
            <subfield code="a">Nesbø, Jo</subfield>
            <subfield code="d">1960-</subfield>
            <subfield code="e">other</subfield>
            <subfield code="1">http://viaf.org/viaf/44460209</subfield>
            <subfield code="4">oth</subfield>
        </datafield>
        <datafield tag="955" ind1=" " ind2="s">
            <subfield code="6">655</subfield>
            <subfield code="a">CD-böcker</subfield>
            <subfield code="u">Ljudböcker</subfield>
        </datafield>
        <datafield tag="955" ind1=" " ind2="s">
            <subfield code="6">655</subfield>
            <subfield code="a">E-ljudböcker</subfield>
            <subfield code="u">Ljudböcker</subfield>
        </datafield>
        <datafield tag="955" ind1=" " ind2="s">
            <subfield code="6">655</subfield>
            <subfield code="a">Hörböcker</subfield>
            <subfield code="u">Ljudböcker</subfield>
        </datafield>
        <datafield tag="955" ind1=" " ind2="s">
            <subfield code="6">655</subfield>
            <subfield code="a">Kassettböcker</subfield>
            <subfield code="u">Ljudböcker</subfield>
        </datafield>
        <datafield tag="955" ind1=" " ind2="s">
            <subfield code="6">655</subfield>
            <subfield code="a">MP3-böcker</subfield>
            <subfield code="u">Ljudböcker</subfield>
        </datafield>
        <datafield tag="955" ind1=" " ind2="k">
            <subfield code="6">655</subfield>
            <subfield code="a">Talböcker</subfield>
            <subfield code="u">Ljudböcker</subfield>
        </datafield>
        <datafield tag="841" ind1=" " ind2=" ">
            <subfield code="5">Areb</subfield>
            <subfield code="a">u a</subfield>
            <subfield code="b">140707||0000|||||001||||||000000</subfield>
            <subfield code="e">1</subfield>
        </datafield>
        <datafield tag="841" ind1=" " ind2=" ">
            <subfield code="5">Bo</subfield>
            <subfield code="a">u a</subfield>
            <subfield code="b">140401||0000|||||001||||||000000</subfield>
            <subfield code="e">1</subfield>
        </datafield>
        <datafield tag="035" ind1=" " ind2=" ">
            <subfield code="5">Bo</subfield>
            <subfield code="a">(Bo)413989</subfield>
        </datafield>
        <datafield tag="841" ind1=" " ind2=" ">
            <subfield code="5">Gbg</subfield>
            <subfield code="a">u a</subfield>
            <subfield code="b">080820||0000|||||001||||||000000</subfield>
            <subfield code="e">1</subfield>
        </datafield>
        <datafield tag="841" ind1=" " ind2=" ">
            <subfield code="5">Lobj</subfield>
            <subfield code="a">u a</subfield>
            <subfield code="b">150622||0000|||||001||||||000000</subfield>
            <subfield code="e">1</subfield>
        </datafield>
        <datafield tag="841" ind1=" " ind2=" ">
            <subfield code="5">Mo</subfield>
            <subfield code="a">x a</subfield>
            <subfield code="b">090223||0000|||||001||||||000000</subfield>
            <subfield code="e">1</subfield>
        </datafield>
        <datafield tag="035" ind1=" " ind2=" ">
            <subfield code="5">Mo</subfield>
            <subfield code="a">BTJ487223114</subfield>
        </datafield>
        <datafield tag="035" ind1=" " ind2=" ">
            <subfield code="5">Mo</subfield>
            <subfield code="a">(Mo)b1690077</subfield>
        </datafield>
        <datafield tag="084" ind1=" " ind2=" ">
            <subfield code="5">Mo</subfield>
            <subfield code="a">Hcedb.01/LC</subfield>
            <subfield code="2">kssb/8</subfield>
        </datafield>
        <datafield tag="500" ind1=" " ind2=" ">
            <subfield code="5">Mo</subfield>
            <subfield code="a">Orig:s titel: Marekors</subfield>
        </datafield>
        <datafield tag="546" ind1=" " ind2=" ">
            <subfield code="5">Mo</subfield>
            <subfield code="a">svenska</subfield>
        </datafield>
        <datafield tag="653" ind1=" " ind2=" ">
            <subfield code="5">Mo</subfield>
            <subfield code="a">Skönlitteratur</subfield>
        </datafield>
        <datafield tag="653" ind1=" " ind2=" ">
            <subfield code="5">Mo</subfield>
            <subfield code="a">Spänning</subfield>
        </datafield>
        <datafield tag="653" ind1=" " ind2=" ">
            <subfield code="5">Mo</subfield>
            <subfield code="a">Deckare</subfield>
        </datafield>
        <datafield tag="655" ind1=" " ind2="4">
            <subfield code="5">Mo</subfield>
            <subfield code="a">Ljudbok cd</subfield>
        </datafield>
    </record>