
  <marc:record>
    <marc:leader>01182cam a2200349 a 4500</marc:leader>
    <marc:controlfield tag="001">17004682</marc:controlfield>
    <marc:controlfield tag="005">20120521153323.0</marc:controlfield>
    <marc:controlfield tag="008">111018r20122011nyu           000 1 eng  </marc:controlfield>
    <marc:datafield tag="906" ind1=" " ind2=" ">
      <marc:subfield code="a">7</marc:subfield>
      <marc:subfield code="b">cbc</marc:subfield>
      <marc:subfield code="c">orignew</marc:subfield>
      <marc:subfield code="d">1</marc:subfield>
      <marc:subfield code="e">ecip</marc:subfield>
      <marc:subfield code="f">20</marc:subfield>
      <marc:subfield code="g">y-gencatlg</marc:subfield>
    </marc:datafield>
    <marc:datafield tag="925" ind1="0" ind2=" ">
      <marc:subfield code="a">acquire</marc:subfield>
      <marc:subfield code="b">2 shelf copies</marc:subfield>
      <marc:subfield code="x">policy default</marc:subfield>
    </marc:datafield>
    <marc:datafield tag="955" ind1=" " ind2=" ">
      <marc:subfield code="b">rg14 2011-10-18</marc:subfield>
      <marc:subfield code="i">rg14 2011-10-18 to CIP</marc:subfield>
      <marc:subfield code="i">rg04 2011-12-09 to CALM</marc:subfield>
      <marc:subfield code="t">rf99 2012-05-21 copy 2 added</marc:subfield>
    </marc:datafield>
    <marc:datafield tag="010" ind1=" " ind2=" ">
      <marc:subfield code="a">  2011041049</marc:subfield>
    </marc:datafield>
    <marc:datafield tag="020" ind1=" " ind2=" ">
      <marc:subfield code="a">9780307595874 (alk. paper)</marc:subfield>
    </marc:datafield>
    <marc:datafield tag="040" ind1=" " ind2=" ">
      <marc:subfield code="a">DLC</marc:subfield>
      <marc:subfield code="c">DLC</marc:subfield>
      <marc:subfield code="d">DLC</marc:subfield>
    </marc:datafield>
    <marc:datafield tag="041" ind1="1" ind2=" ">
      <marc:subfield code="a">eng</marc:subfield>
      <marc:subfield code="h">nor</marc:subfield>
    </marc:datafield>
    <marc:datafield tag="042" ind1=" " ind2=" ">
      <marc:subfield code="a">pcc</marc:subfield>
    </marc:datafield>
    <marc:datafield tag="043" ind1=" " ind2=" ">
      <marc:subfield code="a">e-no---</marc:subfield>
    </marc:datafield>
    <marc:datafield tag="050" ind1="0" ind2="0">
      <marc:subfield code="a">PT8951.24.E83</marc:subfield>
      <marc:subfield code="b">P3613 2012</marc:subfield>
    </marc:datafield>
    <marc:datafield tag="082" ind1="0" ind2="0">
      <marc:subfield code="a">839.82/38</marc:subfield>
      <marc:subfield code="2">23</marc:subfield>
    </marc:datafield>
    <marc:datafield tag="100" ind1="1" ind2=" ">
      <marc:subfield code="a">Nesbø, Jo</marc:subfield>
      <marc:subfield code="d">1960-</marc:subfield>
      <marc:subfield code="e">author</marc:subfield>
      <marc:subfield code="1">http://viaf.org/viaf/44460209</marc:subfield>
      <marc:subfield code="4">aut</marc:subfield>
    </marc:datafield>
    <marc:datafield tag="240" ind1="1" ind2="0">
      <marc:subfield code="a">Panserhjerte</marc:subfield>
      <marc:subfield code="l">English</marc:subfield>
      <marc:subfield code="1">http://viaf.org/viaf/312442134</marc:subfield>
    </marc:datafield>
    <marc:datafield tag="245" ind1="1" ind2="4">
      <marc:subfield code="a">The leopard</marc:subfield>
      <marc:subfield code="c">Jo Nesbø ; translated from the Norwegian by Don Bartlett</marc:subfield>
    </marc:datafield>
    <marc:datafield tag="250" ind1=" " ind2=" ">
      <marc:subfield code="a">1st U.S. ed.</marc:subfield>
    </marc:datafield>
    <marc:datafield tag="260" ind1=" " ind2=" ">
      <marc:subfield code="a">New York</marc:subfield>
      <marc:subfield code="b">Alfred A. Knopf</marc:subfield>
      <marc:subfield code="c">2012</marc:subfield>
    </marc:datafield>
    <marc:datafield tag="300" ind1=" " ind2=" ">
      <marc:subfield code="a">517 p. ;</marc:subfield>
      <marc:subfield code="c">25 cm.</marc:subfield>
    </marc:datafield>
    <marc:datafield tag="336" ind1=" " ind2=" ">
      <marc:subfield code="a">text</marc:subfield>
      <marc:subfield code="b">txt</marc:subfield>
      <marc:subfield code="0">http://rdaregistry.info/termList/RDAContentType/1020</marc:subfield>
      <marc:subfield code="2">rdacontent</marc:subfield>
    </marc:datafield>
    <marc:datafield tag="337" ind1=" " ind2=" ">
      <marc:subfield code="a">unmediated</marc:subfield>
      <marc:subfield code="b">n</marc:subfield>
      <marc:subfield code="0">http://www.rdaregistry.info/termList/RDAMediaType/1007</marc:subfield>
      <marc:subfield code="2">rdamedia</marc:subfield>
    </marc:datafield>
    <marc:datafield tag="338" ind1=" " ind2=" ">
      <marc:subfield code="a">volume</marc:subfield>
      <marc:subfield code="b">nc</marc:subfield>
      <marc:subfield code="0">http://rdaregistry.info/termList/RDACarrierType/1049</marc:subfield>
      <marc:subfield code="2">rdacarrier</marc:subfield>
    </marc:datafield>
    <marc:datafield tag="380" ind1=" " ind2=" ">
      <marc:subfield code="a">novel</marc:subfield>
      <marc:subfield code="2">marcgt</marc:subfield>
    </marc:datafield>
    <marc:datafield tag="500" ind1=" " ind2=" ">
      <marc:subfield code="a">"This is a Borzoi book."</marc:subfield>
    </marc:datafield>
    <marc:datafield tag="650" ind1=" " ind2="0">
      <marc:subfield code="a">Hole, Harry (Fictitious character)</marc:subfield>
      <marc:subfield code="v">Fiction.</marc:subfield>
    </marc:datafield>
    <marc:datafield tag="650" ind1=" " ind2="0">
      <marc:subfield code="a">Police</marc:subfield>
      <marc:subfield code="z">Norway</marc:subfield>
      <marc:subfield code="z">Oslo</marc:subfield>
      <marc:subfield code="v">Fiction.</marc:subfield>
    </marc:datafield>
    <marc:datafield tag="650" ind1=" " ind2="0">
      <marc:subfield code="a">Women</marc:subfield>
      <marc:subfield code="x">Crimes against</marc:subfield>
      <marc:subfield code="v">Fiction.</marc:subfield>
    </marc:datafield>
    <marc:datafield tag="651" ind1=" " ind2="0">
      <marc:subfield code="a">Oslo (Norway)</marc:subfield>
      <marc:subfield code="v">Fiction.</marc:subfield>
    </marc:datafield>
    <marc:datafield tag="655" ind1=" " ind2="7">
      <marc:subfield code="a">Mystery fiction.</marc:subfield>
      <marc:subfield code="2">gsafd</marc:subfield>
    </marc:datafield>
    <marc:datafield tag="700" ind1="1" ind2=" ">
      <marc:subfield code="a">Bartlett, Don</marc:subfield>
      <marc:subfield code="e">translator</marc:subfield>
      <marc:subfield code="1">http://viaf.org/viaf/78742232</marc:subfield>
      <marc:subfield code="4">trl</marc:subfield>
    </marc:datafield>
  </marc:record>