
  <!-- Mangler VIAF-uri 
  <marc:record>
    <marc:leader>02236nam#a2200373 c#4500</marc:leader>
    <marc:controlfield tag="001">999920719160702201</marc:controlfield>
    <marc:controlfield tag="005">20190301151524.0</marc:controlfield>
    <marc:controlfield tag="007">ta</marc:controlfield>
    <marc:controlfield tag="008">181220s2019    no#####e#|||||00|#1#nob| </marc:controlfield>
    <marc:datafield tag="020" ind1=" " ind2=" ">
      <marc:subfield code="a">9788202622176</marc:subfield>
      <marc:subfield code="q">h.</marc:subfield>
    </marc:datafield>
    <marc:datafield tag="035" ind1=" " ind2=" ">
      <marc:subfield code="a">(NO-OsBAS)150308306</marc:subfield>
    </marc:datafield>
    <marc:datafield tag="040" ind1=" " ind2=" ">
      <marc:subfield code="a">NO-OsBAS</marc:subfield>
      <marc:subfield code="b">nob</marc:subfield>
      <marc:subfield code="d">NO-OsNB</marc:subfield>
      <marc:subfield code="e">katreg</marc:subfield>
    </marc:datafield>
    <marc:datafield tag="082" ind1="0" ind2="4">
      <marc:subfield code="a">839.82374</marc:subfield>
      <marc:subfield code="q">NO-OsBAS</marc:subfield>
      <marc:subfield code="2">23/nor</marc:subfield>
    </marc:datafield>
    <marc:datafield tag="100" ind1="1" ind2=" ">
      <marc:subfield code="a">Fossum, Karin</marc:subfield>
      <marc:subfield code="d">1954-</marc:subfield>
      <marc:subfield code="e">author</marc:subfield>
      <marc:subfield code="1">http://viaf.org/viaf/120627630</marc:subfield>
      <marc:subfield code="4">aut</marc:subfield>
    </marc:datafield>
    <marc:datafield tag="240" ind1="1" ind2="0">
      <marc:subfield code="a">Formøkelsen</marc:subfield>
      <marc:subfield code="l">Norsk</marc:subfield>
    </marc:datafield>
    <marc:datafield tag="245" ind1="1" ind2="0">
      <marc:subfield code="a">Formørkelsen</marc:subfield>
      <marc:subfield code="b">kriminalroman</marc:subfield>
      <marc:subfield code="c">Karin Fossum</marc:subfield>
    </marc:datafield>
    <marc:datafield tag="260" ind1=" " ind2=" ">
      <marc:subfield code="a">Oslo</marc:subfield>
      <marc:subfield code="b">Cappelen Damm</marc:subfield>
      <marc:subfield code="c">2019</marc:subfield>
    </marc:datafield>
    <marc:datafield tag="300" ind1=" " ind2=" ">
      <marc:subfield code="a">332 s.</marc:subfield>
      <marc:subfield code="c">21 cm</marc:subfield>
    </marc:datafield>
    <marc:datafield tag="336" ind1=" " ind2=" ">
      <marc:subfield code="a">text</marc:subfield>
      <marc:subfield code="b">txt</marc:subfield>
      <marc:subfield code="2">rdacontent</marc:subfield>
      <marc:subfield code="0">http://rdaregistry.info/termList/RDAContentType/1020</marc:subfield>
    </marc:datafield>
    <marc:datafield tag="337" ind1=" " ind2=" ">
      <marc:subfield code="a">unmediated</marc:subfield>
      <marc:subfield code="b">n</marc:subfield>
      <marc:subfield code="2">rdamedia</marc:subfield>
      <marc:subfield code="0">http://rdaregistry.info/termList/RDAMediaType/1007</marc:subfield>
    </marc:datafield>
    <marc:datafield tag="338" ind1=" " ind2=" ">
      <marc:subfield code="a">volume</marc:subfield>
      <marc:subfield code="b">nc</marc:subfield>
      <marc:subfield code="2">rdacarrier</marc:subfield>
      <marc:subfield code="0">http://rdaregistry.info/termList/RDACarrierType/1049</marc:subfield>
    </marc:datafield>
    <marc:datafield tag="380" ind1=" " ind2=" ">
      <marc:subfield code="a">novel</marc:subfield>
      <marc:subfield code="2">marcgt</marc:subfield>
    </marc:datafield>
    <marc:datafield tag="520" ind1=" " ind2=" ">
      <marc:subfield code="a">Formørkelsen er et farlig ekteskapsdrama og en mesterlig kriminalroman. Dette er bok 14 i serien om Konrad Sejer. Ekteparet Sylvi og Miele sjekker inn på hotell med sin femten måneder gamle sønn Elias. Den lille gutten leker på teppet i lobbyen, og resepsjonisten Sun-Lee tar bilde av ham med mobilen. Tidlig neste morgen skjer det forferdelige: Gutten styrter i døden fra hotellrommets balkong i sjuende etasje. Både Sylvi og Miele utpekes som mistenkte, og Konrad Sejer settes på saken. Parets forklaringer spriker. Det som var et ekteskap, er blitt et destruktivt og spent spill mellom to desperate voksne. I mangel på bevis blir begge foreldrene frikjent, men Sejer slipper ikke saken. Tankene hans er hos det uskyldige barnet, og denne gangen vet han at det er uhyre viktig å finne sannheten.</marc:subfield>
    </marc:datafield>
    <marc:datafield tag="650" ind1=" " ind2="7">
      <marc:subfield code="a">Sejer, Konrad (fiktiv person)</marc:subfield>
      <marc:subfield code="2">bokbas</marc:subfield>
    </marc:datafield>
    <marc:datafield tag="651" ind1=" " ind2="7">
      <marc:subfield code="a">Østlandet</marc:subfield>
      <marc:subfield code="2">bokbas</marc:subfield>
      <marc:subfield code="9">nob</marc:subfield>
    </marc:datafield>
    <marc:datafield tag="651" ind1=" " ind2="7">
      <marc:subfield code="a">Austlandet</marc:subfield>
      <marc:subfield code="2">bokbas</marc:subfield>
      <marc:subfield code="9">nno</marc:subfield>
    </marc:datafield>
    <marc:datafield tag="655" ind1=" " ind2="7">
      <marc:subfield code="a">Romaner</marc:subfield>
      <marc:subfield code="2">bokbas</marc:subfield>
      <marc:subfield code="9">nob</marc:subfield>
    </marc:datafield>
    <marc:datafield tag="655" ind1=" " ind2="7">
      <marc:subfield code="a">Romanar</marc:subfield>
      <marc:subfield code="2">bokbas</marc:subfield>
      <marc:subfield code="9">nno</marc:subfield>
    </marc:datafield>
    <marc:datafield tag="655" ind1=" " ind2="7">
      <marc:subfield code="a">Krim</marc:subfield>
      <marc:subfield code="2">bokbas</marc:subfield>
      <marc:subfield code="9">nob</marc:subfield>
    </marc:datafield>
    <marc:datafield tag="655" ind1=" " ind2="7">
      <marc:subfield code="a">Krim</marc:subfield>
      <marc:subfield code="2">bokbas</marc:subfield>
      <marc:subfield code="9">nno</marc:subfield>
    </marc:datafield>
    <marc:datafield tag="655" ind1=" " ind2="7">
      <marc:subfield code="a">Politi og detektiver</marc:subfield>
      <marc:subfield code="2">bokbas</marc:subfield>
      <marc:subfield code="9">nob</marc:subfield>
    </marc:datafield>
    <marc:datafield tag="655" ind1=" " ind2="7">
      <marc:subfield code="a">Politi og detektivar</marc:subfield>
      <marc:subfield code="2">bokbas</marc:subfield>
      <marc:subfield code="9">nno</marc:subfield>
    </marc:datafield>
    <marc:datafield tag="780" ind1="0" ind2="0">
      <marc:subfield code="t">Hviskeren</marc:subfield>
    </marc:datafield>
    <marc:datafield tag="856" ind1="4" ind2="1">
      <marc:subfield code="a">media.boknett.no</marc:subfield>
      <marc:subfield code="3">Omslagsbilde</marc:subfield>
      <marc:subfield code="u">https://media.boknett.no/objects/06/83/150308306/productimage_ORG_deb351a0d1f511b35a880828b029d77f7a451a40.jpg</marc:subfield>
      <marc:subfield code="n">Bokbasen, Oslo</marc:subfield>
      <marc:subfield code="q">image/jpeg</marc:subfield>
    </marc:datafield>
    <marc:datafield tag="856" ind1="4" ind2="1">
      <marc:subfield code="a">media.boknett.no</marc:subfield>
      <marc:subfield code="3">Miniatyrbilde</marc:subfield>
      <marc:subfield code="u">https://media.boknett.no/objects/06/83/150308306/productimage_OS_02cda347bf5814120b1a6dd15291dec8aed1d981.jpg</marc:subfield>
      <marc:subfield code="n">Bokbasen, Oslo</marc:subfield>
      <marc:subfield code="q">image/jpeg</marc:subfield>
    </marc:datafield>
  </marc:record>