
  <marc:record>
    <marc:leader>01172cim a22003490  450 </marc:leader>
    <marc:controlfield tag="001">DBB0019969</marc:controlfield>
    <marc:controlfield tag="005">20150304203613.0</marc:controlfield>
    <marc:controlfield tag="007">s|||||||||||||</marc:controlfield>
    <marc:controlfield tag="008">000000s2011    dk                | dan d</marc:controlfield>
    <marc:datafield tag="020" ind1=" " ind2=" ">
      <marc:subfield code="c">Gratis</marc:subfield>
    </marc:datafield>
    <marc:datafield tag="041" ind1="1" ind2=" ">
      <marc:subfield code="a">dan</marc:subfield>
      <marc:subfield code="h">nor</marc:subfield>
    </marc:datafield>
    <marc:datafield tag="084" ind1=" " ind2=" ">
      <marc:subfield code="a">85:26</marc:subfield>
      <marc:subfield code="2">z</marc:subfield>
    </marc:datafield>
    <marc:datafield tag="100" ind1="1" ind2=" ">
      <marc:subfield code="a">Fossum, Karin</marc:subfield>
      <marc:subfield code="d">1954-</marc:subfield>
      <marc:subfield code="e">author</marc:subfield>
      <marc:subfield code="1">http://viaf.org/viaf/120627630</marc:subfield>
      <marc:subfield code="4">aut</marc:subfield>
    </marc:datafield>
    <marc:datafield tag="240" ind1="1" ind2="0">
      <marc:subfield code="a">Varsleren</marc:subfield>
      <marc:subfield code="l">Dansk</marc:subfield>
      <marc:subfield code="1">http://viaf.org/viaf/312442842</marc:subfield>
    </marc:datafield>
    <marc:datafield tag="245" ind1="1" ind2="0">
      <marc:subfield code="a">Varsleren</marc:subfield>
      <marc:subfield code="b">kriminalroman</marc:subfield>
      <marc:subfield code="c">Karin Fossum ; overst̆telse: Poul Bratbjerg Hansen</marc:subfield>
    </marc:datafield>
    <marc:datafield tag="260" ind1=" " ind2=" ">
      <marc:subfield code="a">København</marc:subfield>
      <marc:subfield code="b">Nota</marc:subfield>
      <marc:subfield code="c">2011</marc:subfield>
    </marc:datafield>
    <marc:datafield tag="336" ind1=" " ind2=" ">
      <marc:subfield code="a">spoken word</marc:subfield>
      <marc:subfield code="b">spw</marc:subfield>
      <marc:subfield code="2">rdacontent</marc:subfield>
      <marc:subfield code="0">http://rdaregistry.info/termList/RDAContentType/1020</marc:subfield>
    </marc:datafield>
    <marc:datafield tag="337" ind1=" " ind2=" ">
      <marc:subfield code="a">audio</marc:subfield>
      <marc:subfield code="b">s</marc:subfield>
      <marc:subfield code="2">rdamedia</marc:subfield>
      <marc:subfield code="0">http://rdaregistry.info/termList/RDAMediaType/1001</marc:subfield>
    </marc:datafield>
    <marc:datafield tag="338" ind1=" " ind2=" ">
      <marc:subfield code="a">audio disc</marc:subfield>
      <marc:subfield code="b">sd</marc:subfield>
      <marc:subfield code="2">rdacarrier</marc:subfield>
      <marc:subfield code="0">http://rdaregistry.info/termList/RDACarrierType/1004</marc:subfield>
    </marc:datafield>
    <marc:datafield tag="380" ind1=" " ind2=" ">
      <marc:subfield code="a">novel</marc:subfield>
      <marc:subfield code="2">marcgt</marc:subfield>
    </marc:datafield>
    <marc:datafield tag="500" ind1=" " ind2=" ">
      <marc:subfield code="a">Masternr.19969.</marc:subfield>
    </marc:datafield>
    <marc:datafield tag="500" ind1=" " ind2=" ">
      <marc:subfield code="a">Spilletid: 08 t., 46 min..</marc:subfield>
    </marc:datafield>
    <marc:datafield tag="500" ind1=" " ind2=" ">
      <marc:subfield code="a">Krimiserien med: Konrad Sejer ; 10.</marc:subfield>
    </marc:datafield>
    <marc:datafield tag="500" ind1=" " ind2=" ">
      <marc:subfield code="a">Indls̆er: Peter Secher Schmidt.</marc:subfield>
    </marc:datafield>
    <marc:datafield tag="500" ind1=" " ind2=" ">
      <marc:subfield code="a">Digital lydbog uden tekst.</marc:subfield>
    </marc:datafield>
    <marc:datafield tag="500" ind1=" " ind2=" ">
      <marc:subfield code="a">Niveauer: 2.</marc:subfield>
    </marc:datafield>
    <marc:datafield tag="500" ind1=" " ind2=" ">
      <marc:subfield code="a">Antal navigationspunkter: 49.</marc:subfield>
    </marc:datafield>
    <marc:datafield tag="500" ind1=" " ind2=" ">
      <marc:subfield code="a">Indls̆t i 2011.</marc:subfield>
    </marc:datafield>
    <marc:datafield tag="520" ind1="8" ind2=" ">
      <marc:subfield code="a">Krimi fra Norge, hvor Konrad Sejer jagter en ung mand, der ikke skader sine ofre fysisk, men terroriserer dem psykisk.</marc:subfield>
    </marc:datafield>
    <marc:datafield tag="534" ind1=" " ind2=" ">
      <marc:subfield code="a">Indls̆t efter udgaven: Kbh. : Gyldendal, 2010.</marc:subfield>
    </marc:datafield>
    <marc:datafield tag="650" ind1=" " ind2="4">
      <marc:subfield code="a">krimi.</marc:subfield>
    </marc:datafield>
    <marc:datafield tag="650" ind1=" " ind2="4">
      <marc:subfield code="a">frygt.</marc:subfield>
    </marc:datafield>
    <marc:datafield tag="650" ind1=" " ind2="4">
      <marc:subfield code="a">psykisk terror.</marc:subfield>
    </marc:datafield>
    <marc:datafield tag="650" ind1=" " ind2="4">
      <marc:subfield code="a">Norge.</marc:subfield>
    </marc:datafield>
    <marc:datafield tag="700" ind1="1" ind2=" ">
      <marc:subfield code="a">Secher Schmidt, Peter</marc:subfield>
      <marc:subfield code="e">translator</marc:subfield>
      <marc:subfield code="4">trl</marc:subfield>
    </marc:datafield>
    <marc:datafield tag="856" ind1=" " ind2=" ">
      <marc:subfield code="u">https://nota.dk/bibliotek/bogid/19969</marc:subfield>
      <marc:subfield code="z">Adgangsmd̄e: Internet</marc:subfield>
    </marc:datafield>
  </marc:record>