
  <!-- Libris -->
  <record>
        <leader>02715cam a2200601 a 4500</leader>
        <controlfield tag="001">8519837</controlfield>
        <controlfield tag="003">SE-LIBR</controlfield>
        <controlfield tag="005">20161214170238.0</controlfield>
        <controlfield tag="008">020723s2002 sw |||| 00| f swe </controlfield>
        <datafield tag="020" ind1=" " ind2=" ">
            <subfield code="a">91-37-12123-5 (inb.) :</subfield>
            <subfield code="c">226:00</subfield>
        </datafield>
        <datafield tag="040" ind1=" " ind2=" ">
            <subfield code="a">NB</subfield>
        </datafield>
        <datafield tag="041" ind1="1" ind2=" ">
            <subfield code="a">swe</subfield>
            <subfield code="h">nor</subfield>
        </datafield>
        <datafield tag="042" ind1=" " ind2=" ">
            <subfield code="9">NB</subfield>
        </datafield>
        <datafield tag="082" ind1="0" ind2="4">
            <subfield code="a">839.82</subfield>
            <subfield code="2">22 (machine generated)</subfield>
        </datafield>
        <datafield tag="084" ind1=" " ind2=" ">
            <subfield code="a">Hdb.01=c</subfield>
            <subfield code="2">kssb/7</subfield>
        </datafield>
        <datafield tag="100" ind1="1" ind2=" ">
            <subfield code="a">Fossum, Karin</subfield>
            <subfield code="d">1954-</subfield>
            <subfield code="e">author</subfield>
            <subfield code="1">http://viaf.org/viaf/120627630</subfield>
            <subfield code="4">aut</subfield>
        </datafield>
        <datafield tag="240" ind1="1" ind2="0">
            <subfield code="a">Evas øye</subfield>
            <subfield code="l">Svenska</subfield>
            <subfield code="1">http://viaf.org/viaf/2949151051818133530003</subfield>
        </datafield>
        <datafield tag="245" ind1="0" ind2="0">
            <subfield code="a">Evas öga</subfield>
            <subfield code="b">Se dig inte om! ; Den som fruktar vargen</subfield>
            <subfield code="c">Karin Fossum ; översättning: Helena och Ulf Örnkloo</subfield>
        </datafield>
        <datafield tag="260" ind1=" " ind2=" ">
            <subfield code="a">Stockholm</subfield>
            <subfield code="b">Forum</subfield>
            <subfield code="c">2002</subfield>
            <subfield code="e">(Falun :</subfield>
            <subfield code="f">Scandbook AB Falun)</subfield>
        </datafield>
        <datafield tag="300" ind1=" " ind2=" ">
            <subfield code="a">655, [1] s. ;</subfield>
            <subfield code="c">24 cm</subfield>
        </datafield>
        <datafield tag="336" ind1=" " ind2=" ">
          <subfield code="a">text</subfield>
          <subfield code="b">txt</subfield>
          <subfield code="2">rdacontent</subfield>
          <subfield code="0">http://rdaregistry.info/termList/RDAContentType/1020</subfield>
        </datafield>
        <datafield tag="337" ind1=" " ind2=" ">
          <subfield code="a">unmediated</subfield>
          <subfield code="b">n</subfield>
          <subfield code="2">rdamedia</subfield>
          <subfield code="0">http://rdaregistry.info/termList/RDAMediaType/1007</subfield>
        </datafield>
        <datafield tag="338" ind1=" " ind2=" ">
          <subfield code="a">volume</subfield>
          <subfield code="b">nc</subfield>
          <subfield code="2">rdacarrier</subfield>
          <subfield code="0">http://rdaregistry.info/termList/RDACarrierType/1049</subfield>
        </datafield>
        <datafield tag="380" ind1=" " ind2=" ">
          <subfield code="a">novel</subfield>
          <subfield code="2">marcgt</subfield>
        </datafield>
        <datafield tag="500" ind1=" " ind2=" ">
            <subfield code="a"> Serie/fortsättningsarbete: 1. Evas öga -- 2. Se dig inte om! -- 3.
                Den som fruktar vargen -- 4. När djävulen håller ljuset -- 5. Älskade Poona -- 6.
                Svarta sekunder -- 7. Mordet på Harriet Krohn -- 8. Den som älskar något annat -- 9.
                Den onda viljan -- 10. Döden skall du tåla -- 11. Carmen och döden -- 12.
                Helveteselden </subfield>
        </datafield>
        <datafield tag="500" ind1=" " ind2=" ">
            <subfield code="a"> Första svenska uppl. 1998, 1998 och 1999 i separata vol. Första
                uppl. i denna version 2002 </subfield>
        </datafield>
        <datafield tag="500" ind1=" " ind2=" ">
            <subfield code="a">Även med tryckår: [Ny tr.], 2003 ; [Ny tr.], 2006</subfield>
        </datafield>
        <datafield tag="700" ind1="1" ind2=" ">
            <subfield code="a">Örnkloo, Helena</subfield>
            <subfield code="d">1973-</subfield>
            <subfield code="e">translator</subfield>
            <subfield code="4">trl</subfield>
        </datafield>
        <datafield tag="700" ind1="1" ind2=" ">
            <subfield code="a">Örnkloo, Ulf</subfield>
            <subfield code="d">1934-2016</subfield>
            <subfield code="e">translator</subfield>
            <subfield code="4">trl</subfield>
        </datafield>
        <datafield tag="700" ind1="1" ind2=" ">
            <subfield code="a">Fossum, Karin</subfield>
            <subfield code="d">1954-</subfield>
            <subfield code="t">Se dig inte om!</subfield>
            <subfield code="1">http://viaf.org/viaf/9129151051843933530004</subfield>
        </datafield>
        <datafield tag="700" ind1="1" ind2=" ">
            <subfield code="a">Fossum, Karin</subfield>
            <subfield code="d">1954-</subfield>
            <subfield code="t">Den som fruktar vargen</subfield>
            <subfield code="1">http://viaf.org/viaf/8078151051839533530004</subfield>
        </datafield>
        <datafield tag="700" ind1="1" ind2=" ">
            <subfield code="a">Fossum, Karin</subfield>
            <subfield code="d">1954-</subfield>
            <subfield code="t">Se deg ikke tilbake!</subfield>
            <subfield code="l">Svenska</subfield>
            <subfield code="1">http://viaf.org/viaf/9129151051843933530004</subfield>
        </datafield>
        <datafield tag="700" ind1="1" ind2=" ">
            <subfield code="a">Fossum, Karin</subfield>
            <subfield code="d">1954-</subfield>
            <subfield code="t">Den som frykter ulven.</subfield>
            <subfield code="l">Svenska</subfield>
            <subfield code="1">http://viaf.org/viaf/8078151051839533530004</subfield>
        </datafield>
        <datafield tag="730" ind1="0" ind2=" ">
            <subfield code="a">Se dig inte om!</subfield>
        </datafield>
        <datafield tag="730" ind1="0" ind2=" ">
            <subfield code="a">Den som fruktar vargen</subfield>
        </datafield>
        <datafield tag="730" ind1="0" ind2=" ">
            <subfield code="a">Se deg ikke tilbake!</subfield>
        </datafield>
        <datafield tag="730" ind1="0" ind2=" ">
            <subfield code="a">Den som frykter ulven</subfield>
        </datafield>
        <datafield tag="976" ind1=" " ind2="2">
            <subfield code="a">Hdb.01=c</subfield>
            <subfield code="b">Skönlitteratur</subfield>
        </datafield>
        <datafield tag="841" ind1=" " ind2=" ">
            <subfield code="5">Gbg</subfield>
            <subfield code="a">u a</subfield>
            <subfield code="b">080820||0000|||||001||||||000000</subfield>
            <subfield code="e">1</subfield>
        </datafield>
        <datafield tag="841" ind1=" " ind2=" ">
            <subfield code="5">L</subfield>
            <subfield code="a">x a</subfield>
            <subfield code="b">020816|| |||||001||| |000000</subfield>
            <subfield code="e">1</subfield>
        </datafield>
        <datafield tag="841" ind1=" " ind2=" ">
            <subfield code="5">Li</subfield>
            <subfield code="a">x a</subfield>
            <subfield code="b">0210094u 8 1001uu 0901128</subfield>
            <subfield code="e">4</subfield>
        </datafield>
        <datafield tag="841" ind1=" " ind2=" ">
            <subfield code="5">NB</subfield>
            <subfield code="a">x a</subfield>
            <subfield code="b">0207234u 8 1001uu 0901128</subfield>
            <subfield code="e">4</subfield>
        </datafield>
        <datafield tag="841" ind1=" " ind2=" ">
            <subfield code="5">Q</subfield>
            <subfield code="a">x a</subfield>
            <subfield code="b">0208294u 8 1001uuswe0901128</subfield>
            <subfield code="e">1</subfield>
        </datafield>
        <datafield tag="841" ind1=" " ind2=" ">
            <subfield code="5">S</subfield>
            <subfield code="a">x a</subfield>
            <subfield code="b">0207234u 8 1001uu 0901128</subfield>
            <subfield code="e">4</subfield>
        </datafield>
        <datafield tag="876" ind1=" " ind2=" ">
            <subfield code="5">S</subfield>
            <subfield code="x">Även med tryckår: [Ny tr.], 2003</subfield>
        </datafield>
        <datafield tag="841" ind1=" " ind2=" ">
            <subfield code="5">SEE</subfield>
            <subfield code="a">x a</subfield>
            <subfield code="b">0207234u 8 1001uu 0901128</subfield>
            <subfield code="e">4</subfield>
        </datafield>
        <datafield tag="841" ind1=" " ind2=" ">
            <subfield code="5">U</subfield>
            <subfield code="a">x a</subfield>
            <subfield code="b">0208164u 8 1001uu 0901128</subfield>
            <subfield code="e">4</subfield>
        </datafield>
        <datafield tag="841" ind1=" " ind2=" ">
            <subfield code="5">Ubl</subfield>
            <subfield code="a">x a</subfield>
            <subfield code="b">0304034u 8 1001uu 0901128</subfield>
            <subfield code="e">4</subfield>
        </datafield>
    </record>