
    <record>
        <leader>01167cam a22003258i 4500</leader>
        <controlfield tag="001">21654887</controlfield>
        <controlfield tag="003">SE-LIBR</controlfield>
        <controlfield tag="005">20181003103433.0</controlfield>
        <controlfield tag="008">171005s2013 xx |||||||||||000 0|eng|d</controlfield>
        <datafield tag="020" ind1=" " ind2=" ">
            <subfield code="a">9780099565499</subfield>
            <subfield code="q">pocket</subfield>
        </datafield>
        <datafield tag="035" ind1=" " ind2=" ">
            <subfield code="a">(BOKR)9780099565499</subfield>
        </datafield>
        <datafield tag="040" ind1=" " ind2=" ">
            <subfield code="a">BOKR</subfield>
            <subfield code="e">i</subfield>
        </datafield>
        <datafield tag="041" ind1=" " ind2=" ">
            <subfield code="a">eng</subfield>
        </datafield>
        <datafield tag="100" ind1="1" ind2=" ">
            <subfield code="a">Fossum, Karin</subfield>
            <subfield code="d">1954-</subfield>
            <subfield code="e">author</subfield>
            <subfield code="1">http://viaf.org/viaf/120627630</subfield>
            <subfield code="4">aut</subfield>
        </datafield>
        <datafield tag="240" ind1="1" ind2="0">
          <subfield code="a">Elskede Poona</subfield>
          <subfield code="l">English</subfield>
          <subfield code="1">http://viaf.org/viaf/1200151051894733530006</subfield>
        </datafield>
        <datafield tag="245" ind1="1" ind2="0">
            <subfield code="a">Calling out for you</subfield>
            <subfield code="b">kriminalroman</subfield>
            <subfield code="c">Karin Fossum</subfield>
        </datafield>
        <datafield tag="263" ind1=" " ind2=" ">
            <subfield code="a">201311</subfield>
        </datafield>
        <datafield tag="264" ind1=" " ind2="1">
            <subfield code="b">Vintage,</subfield>
            <subfield code="c">2013</subfield>
        </datafield>
        <datafield tag="300" ind1=" " ind2=" ">
            <subfield code="a">400 sidor</subfield>
            <subfield code="c">12.8 cm</subfield>
        </datafield>
        <datafield tag="336" ind1=" " ind2=" ">
            <subfield code="a">text</subfield>
            <subfield code="b">txt</subfield>
            <subfield code="2">rdacontent</subfield>
            <subfield code="0">http://rdaregistry.info/termList/RDAContentType/1020</subfield>
        </datafield>
        <datafield tag="337" ind1=" " ind2=" ">
            <subfield code="a">unmediated</subfield>
            <subfield code="b">n</subfield>
            <subfield code="2">rdamedia</subfield>
            <subfield code="0">http://rdaregistry.info/termList/RDAMediaType/1007</subfield>
        </datafield>
        <datafield tag="338" ind1=" " ind2=" ">
            <subfield code="a">volume</subfield>
            <subfield code="b">nc</subfield>
            <subfield code="2">rdacarrier</subfield>
            <subfield code="0">http://rdaregistry.info/termList/RDACarrierType/1049</subfield>
        </datafield>
        <datafield tag="340" ind1=" " ind2=" ">
            <subfield code="b">12.8 cm</subfield>
        </datafield>
        <datafield tag="380" ind1=" " ind2=" ">
            <subfield code="a">novel</subfield>
            <subfield code="2">marcgt</subfield>
        </datafield>
        <datafield tag="490" ind1="0" ind2=" ">
            <subfield code="a">INSPECTOR SEJER</subfield>
        </datafield>
        <datafield tag="599" ind1=" " ind2=" ">
            <subfield code="a"> Maskinellt genererad post. Ändra kod för fullständighetsnivå
                (leader/17), annars kommer manuellt gjorda ändringar att försvinna. </subfield>
        </datafield>
        <datafield tag="655" ind1=" " ind2="4">
            <subfield code="0"> https://id.kb.se/marc/NotFictionNotFurtherSpecified </subfield>
        </datafield>
        <datafield tag="700" ind1="1" ind2=" ">
            <subfield code="a">Barslund, Charlotte</subfield>
            <subfield code="e">translator</subfield>
            <subfield code="1">http://viaf.org/viaf/71301550</subfield>
            <subfield code="4">trl</subfield>
        </datafield>
        <datafield tag="887" ind1=" " ind2=" ">
            <subfield code="a">
                {"@id":"7rk0zkjk2nnlkz3","modified":"2018-10-03T10:34:33.503+02:00","checksum":"30398476329"} </subfield>
            <subfield code="2">librisxl</subfield>
        </datafield>
        <datafield tag="841" ind1=" " ind2=" ">
            <subfield code="5">BOKR</subfield>
            <subfield code="a">x a</subfield>
            <subfield code="b">171005||0000|||||000||||||000000</subfield>
            <subfield code="e">1</subfield>
        </datafield>
        <datafield tag="887" ind1=" " ind2=" ">
            <subfield code="5">BOKR</subfield>
            <subfield code="a">
                {"@id":"bgp1h80h2ld2zc1","modified":"2017-10-05T11:48:59+02:00","checksum":"50127258692"} </subfield>
            <subfield code="2">librisxl</subfield>
        </datafield>
    </record>