
    <record>
        <leader>03127cim a22005897a 4500</leader>
        <controlfield tag="001">14947429</controlfield>
        <controlfield tag="003">SE-LIBR</controlfield>
        <controlfield tag="005">20170516093921.0</controlfield>
        <controlfield tag="007">sd ||||||||||| </controlfield>
        <controlfield tag="008">140109s2014 sw nnnne|||||||f n swe|c</controlfield>
        <datafield tag="024" ind1="7" ind2=" ">
            <subfield code="a">CA11493</subfield>
            <subfield code="2">MTM medienummer</subfield>
        </datafield>
        <datafield tag="035" ind1=" " ind2=" ">
            <subfield code="a">(MTM)CA11493</subfield>
        </datafield>
        <datafield tag="040" ind1=" " ind2=" ">
            <subfield code="a">Mtm</subfield>
            <subfield code="e">a</subfield>
        </datafield>
        <datafield tag="041" ind1="1" ind2=" ">
            <subfield code="a">swe</subfield>
            <subfield code="h">nor</subfield>
        </datafield>
        <datafield tag="042" ind1=" " ind2=" ">
            <subfield code="9">Mtm</subfield>
        </datafield>
        <datafield tag="046" ind1=" " ind2=" ">
            <subfield code="a">m</subfield>
            <subfield code="m">20140116</subfield>
            <subfield code="n">20140317</subfield>
        </datafield>
        <datafield tag="082" ind1="0" ind2="4">
            <subfield code="a">839.78</subfield>
            <subfield code="2">22 (machine generated)</subfield>
        </datafield>
        <datafield tag="084" ind1=" " ind2=" ">
            <subfield code="a">Hcedb.01/TC</subfield>
            <subfield code="2">kssb/8</subfield>
        </datafield>
        <datafield tag="100" ind1="1" ind2=" ">
            <subfield code="a">Fossum, Karin</subfield>
            <subfield code="d">1954-</subfield>
            <subfield code="e">author</subfield>
            <subfield code="1">http://viaf.org/viaf/120627630</subfield>
            <subfield code="4">aut</subfield>
        </datafield>
        <datafield tag="240" ind1="1" ind2="0">
          <subfield code="a">Carmen och döden</subfield>
          <subfield code="l">Svenska</subfield>
          <subfield code="1">http://viaf.org/viaf/4264151051990833530003</subfield>
        </datafield>
        <datafield tag="245" ind1="1" ind2="0">
            <subfield code="a">Carmen och döden</subfield>
            <subfield code="b">kriminalroman</subfield>
            <subfield code="h">[Ljudupptagning]</subfield>
            <subfield code="b">[en Konrad Sejer-deckare] /</subfield>
            <subfield code="c">Karin Fossum ; översättning: Margareta Järnebrand.</subfield>
        </datafield>
        <datafield tag="249" ind1=" " ind2="0">
            <subfield code="a">Carmen Zita og døden (norska)</subfield>
        </datafield>
        <datafield tag="264" ind1=" " ind2="1">
            <subfield code="a">Johanneshov</subfield>
            <subfield code="b">MTM</subfield>
            <subfield code="c">2014</subfield>
        </datafield>
        <datafield tag="300" ind1=" " ind2=" ">
            <subfield code="a">1 CD-R (6 tim., 36 min.)</subfield>
        </datafield>
        <datafield tag="336" ind1=" " ind2=" ">
            <subfield code="a">spoken word</subfield>
            <subfield code="b">spw</subfield>
            <subfield code="2">rdacontent</subfield>
            <subfield code="0">http://rdaregistry.info/termList/RDAContentType/1020</subfield>
        </datafield>
        <datafield tag="337" ind1=" " ind2=" ">
            <subfield code="a">audio</subfield>
            <subfield code="b">s</subfield>
            <subfield code="2">rdamedia</subfield>
            <subfield code="0">http://www.rdaregistry.info/termList/RDAMediaType/1001</subfield>
        </datafield>
        <datafield tag="338" ind1=" " ind2=" ">
            <subfield code="a">audio disc</subfield>
            <subfield code="b">sd</subfield>
            <subfield code="2">rdacarrier</subfield>
            <subfield code="0">http://rdaregistry.info/termList/RDACarrierType/1004</subfield>
        </datafield>
        <datafield tag="380" ind1=" " ind2=" ">
            <subfield code="a">novel</subfield>
            <subfield code="2">marcgt</subfield>
        </datafield>
        <datafield tag="500" ind1=" " ind2=" ">
            <subfield code="a">Digital talbok (DAISY 2.02), ljud</subfield>
        </datafield>
        <datafield tag="500" ind1=" " ind2=" ">
            <subfield code="a"> Inläst ur: Stockholm : Forum, 2013. ISBN 978-91-37-13982-1,
                91-37-13982-7 (genererat) </subfield>
        </datafield>
        <datafield tag="506" ind1="1" ind2=" ">
            <subfield code="a"> Tillgänglig för personer med läsnedsättning enligt § 17
                Upphovsrättslagen </subfield>
            <subfield code="u"> http://www.mtm.se/om-oss/uppdrag-och-lagar/upphovsrattslagen/
            </subfield>
        </datafield>
        <datafield tag="520" ind1=" " ind2=" ">
            <subfield code="a"> Den elfte kriminalromanen om kommissarie Konrad Sejer. En tragisk
                olycka tar en oväntad vändning. I ett obevakat ögonblick har ett litet barn drunknat
                i en damm och de unga föräldrarna är förtvivlade. Det ser först ut att vara en
                olyckshändelse men under förundersökningen uppvisar modern, Carmen Cesilie Zita,
                underliga personlighetsdrag. Sejer får svårt att lita på sin intuition och trevar i
                blindo </subfield>
        </datafield>
        <datafield tag="538" ind1=" " ind2=" ">
            <subfield code="a">Filstorlek: 182 MB</subfield>
        </datafield>
        <datafield tag="599" ind1=" " ind2=" ">
            <subfield code="a">MTM MarcRecordId: 201522</subfield>
        </datafield>
        <datafield tag="653" ind1=" " ind2="0">
            <subfield code="a">Deckare</subfield>
        </datafield>
        <datafield tag="655" ind1=" " ind2="4">
            <subfield code="a">DAISY</subfield>
        </datafield>
        <datafield tag="700" ind1="1" ind2=" ">
            <subfield code="a">Pedersen, Björn</subfield>
            <subfield code="a">narrator</subfield>
            <subfield code="4">nrt</subfield>
        </datafield>
        <datafield tag="776" ind1="0" ind2="8">
            <subfield code="i">Inläst ur</subfield>
            <subfield code="t">Carmen och döden</subfield>
            <subfield code="z">9789137139821</subfield>
        </datafield>
        <datafield tag="886" ind1="0" ind2=" ">
            <subfield code="2">BURK IV</subfield>
            <subfield code="b">PICASWSW0000SWES BD</subfield>
        </datafield>
        <datafield tag="887" ind1=" " ind2=" ">
            <subfield code="a">
                {"@id":"9tmsq7vm28353z1","modified":"2017-05-16T09:39:21+02:00","checksum":"49004685680"} </subfield>
            <subfield code="2">librisxl</subfield>
        </datafield>
        <datafield tag="976" ind1="0" ind2=" ">
            <subfield code="a">Hcedb.01</subfield>
            <subfield code="b"> Utländsk skönlitteratur i svensk översättning: norska: romaner och
                noveller </subfield>
        </datafield>
        <datafield tag="841" ind1=" " ind2=" ">
            <subfield code="5">Afb</subfield>
            <subfield code="a">x a</subfield>
            <subfield code="b">140206||0000||||4000||||||000000</subfield>
            <subfield code="e">1</subfield>
        </datafield>
        <datafield tag="887" ind1=" " ind2=" ">
            <subfield code="5">Afb</subfield>
            <subfield code="a">
                {"@id":"04bxbpd5010dmpq","modified":"2014-02-06T10:16:33+01:00","checksum":"92181257805"} </subfield>
            <subfield code="2">librisxl</subfield>
        </datafield>
        <datafield tag="841" ind1=" " ind2=" ">
            <subfield code="5">Kld1</subfield>
            <subfield code="a">x a</subfield>
            <subfield code="b">140116||0000||||4000||||||000000</subfield>
            <subfield code="e">1</subfield>
        </datafield>
        <datafield tag="887" ind1=" " ind2=" ">
            <subfield code="5">Kld1</subfield>
            <subfield code="a">
                {"@id":"37f0zxh84s8j98g","modified":"2014-01-16T15:16:28+01:00","checksum":"84877197777"} </subfield>
            <subfield code="2">librisxl</subfield>
        </datafield>
        <datafield tag="841" ind1=" " ind2=" ">
            <subfield code="5">Mtm</subfield>
            <subfield code="a">x a</subfield>
            <subfield code="b">140109||0000|||||000||||||000000</subfield>
            <subfield code="e">1</subfield>
        </datafield>
        <datafield tag="035" ind1=" " ind2=" ">
            <subfield code="5">Mtm</subfield>
            <subfield code="a">(MTM)CA11493</subfield>
        </datafield>
        <datafield tag="599" ind1=" " ind2=" ">
            <subfield code="5">Mtm</subfield>
            <subfield code="a">Posten ändrad i Legimus 20190225</subfield>
        </datafield>
        <datafield tag="856" ind1="4" ind2="0">
            <subfield code="5">Mtm</subfield>
            <subfield code="u"> http://www.legimus.se/work/redirect?MedieNr=CA11493 </subfield>
            <subfield code="z"> Ladda ner. Tillgänglig för personer med läsnedsättning enligt § 17
                Upphovsrättslagen </subfield>
        </datafield>
        <datafield tag="887" ind1=" " ind2=" ">
            <subfield code="5">Mtm</subfield>
            <subfield code="a">
                {"@id":"djq925rk4cgvkvj","modified":"2019-03-07T11:19:52.314+01:00","checksum":"43086712640"} </subfield>
            <subfield code="2">librisxl</subfield>
        </datafield>
        <datafield tag="841" ind1=" " ind2=" ">
            <subfield code="5">Torb</subfield>
            <subfield code="a">x a</subfield>
            <subfield code="b">140116||0000||||4000||||||000000</subfield>
            <subfield code="e">1</subfield>
        </datafield>
        <datafield tag="887" ind1=" " ind2=" ">
            <subfield code="5">Torb</subfield>
            <subfield code="a">
                {"@id":"qv2mlw1w2j4v3mb","modified":"2014-01-16T10:38:28+01:00","checksum":"87234856324"} </subfield>
            <subfield code="2">librisxl</subfield>
        </datafield>
    </record>