
    <record>
        <leader>26292cam a22037213a 4500</leader>
        <controlfield tag="001">14773688</controlfield>
        <controlfield tag="003">SE-LIBR</controlfield>
        <controlfield tag="005">20160906191519.0</controlfield>
        <controlfield tag="007">cr ||| ||||| </controlfield>
        <controlfield tag="008">131102s2014 sw |||||o|||||000 f|swe|d</controlfield>
        <datafield tag="020" ind1=" " ind2=" ">
            <subfield code="a">9789137142449</subfield>
        </datafield>
        <datafield tag="035" ind1=" " ind2=" ">
            <subfield code="a">Elib1017099</subfield>
        </datafield>
        <datafield tag="040" ind1=" " ind2=" ">
            <subfield code="e">a</subfield>
        </datafield>
        <datafield tag="041" ind1=" " ind2=" ">
            <subfield code="a">swe</subfield>
        </datafield>
        <datafield tag="072" ind1=" " ind2="7">
            <subfield code="a">FF</subfield>
            <subfield code="2">bicssc</subfield>
        </datafield>
        <datafield tag="100" ind1="1" ind2=" ">
            <subfield code="a">Fossum, Karin</subfield>
            <subfield code="d">1954-</subfield>
            <subfield code="e">author</subfield>
            <subfield code="1">http://viaf.org/viaf/120627630</subfield>
            <subfield code="4">aut</subfield>
        </datafield>
        <datafield tag="240" ind1="1" ind2="0">
          <subfield code="a">Carmen och döden</subfield>
          <subfield code="l">Svenska</subfield>
          <subfield code="1">http://viaf.org/viaf/4264151051990833530003</subfield>
        </datafield>
        <datafield tag="245" ind1="1" ind2="0">
            <subfield code="a">Carmen och döden</subfield>
            <subfield code="b">kriminalroman</subfield>
            <subfield code="c">Karin Fossum</subfield>
            <subfield code="h">[Elektronisk resurs]</subfield>
        </datafield>
        <datafield tag="264" ind1=" " ind2="1">
            <subfield code="b">Bokförlaget Forum</subfield>
            <subfield code="c">2014</subfield>
        </datafield>
        <datafield tag="300" ind1=" " ind2=" ">
            <subfield code="a">208 s.</subfield>
        </datafield>
        <datafield tag="336" ind1=" " ind2=" ">
          <subfield code="a">text</subfield>
          <subfield code="b">txt</subfield>
          <subfield code="2">rdacontent</subfield>
          <subfield code="0">http://rdaregistry.info/termList/RDAContentType/1020</subfield>
        </datafield>
        <datafield tag="337" ind1=" " ind2=" ">
          <subfield code="a">computer file</subfield>
          <subfield code="b">c</subfield>
          <subfield code="2">rdamedia</subfield>
          <subfield code="0">http://rdaregistry.info/termList/RDAMediaType/1003</subfield>
        </datafield>
        <datafield tag="338" ind1=" " ind2=" ">
          <subfield code="a">online resource</subfield>
          <subfield code="b">cr</subfield>
          <subfield code="2">rdacarrier</subfield>
          <subfield code="0">http://rdaregistry.info/termList/RDACarrierType/1018</subfield>
        </datafield>
        <datafield tag="380" ind1=" " ind2=" ">
            <subfield code="a">novel</subfield>
            <subfield code="2">marcgt</subfield>
        </datafield>
        <datafield tag="520" ind1=" " ind2=" ">
            <subfield code="a"> Konrad Sejer är tillbakaI ett obevakat ögonblick har det värsta
                tänkbara hänt. Ett litet barn har drunknat i en damm. Det ser först ut att vara en
                olyckshändelse och de unga föräldrarna är förtvivlade. Men under förundersökningen
                uppvisar modern, Carmen Cesilie Zita, underliga personlighetsdrag, sidor som
                förbryllar den erfarne kriminalkommissarien Konrad Sejer. Han har en väl utvecklad
                intuition som ofta leder honom rätt. Men den här gången famlar han i blindo.I sann
                Karin Fossum-anda tar en tragisk olycka en oväntad vändning. Författaren tecknar ett
                osvikligt och inkännande porträtt av de inblandade, och i vanlig ordning är det
                kriminallitteratur på hög nivå."Karin Fossum är en mästare på att framkalla ångest
                med små medel. Obevekligt för hon berättelsen framåt till det dramatiska slutet. En
                psykologisk thriller som ställer livsavgörande frågor på sin spets."
                Aftonbladet"Fossum gestaltar dem med fingertoppskänsla för det djupt mänskliga, som
                ibland visar sig från sin mest groteska sida." Värmlands Folkblad"Norska Karin
                Fossum när hon är som bäst: då hon dyker in i psykologin och den får ställa sig
                framför självadeckarintrigen." MetroÖversättare:Margareta
                Järnebrand,Omslagsformgivare:Nina Leino PdeR [Elib] </subfield>
        </datafield>
        <datafield tag="599" ind1=" " ind2=" ">
            <subfield code="a">Ändrad av Elib 2016-06-07</subfield>
        </datafield>
        <datafield tag="655" ind1=" " ind2="4">
            <subfield code="0">https://id.kb.se/marc/Novel</subfield>
        </datafield>
        <datafield tag="655" ind1=" " ind2="4">
            <subfield code="a">E-böcker</subfield>
        </datafield>
        <datafield tag="655" ind1=" " ind2="4">
            <subfield code="a">Deckare &amp; spänning</subfield>
        </datafield>
        <datafield tag="700" ind1="1" ind2=" ">
            <subfield code="a">Järnebrand, Margareta</subfield>
            <subfield code="e">translator</subfield>
            <subfield code="4">trl</subfield>
        </datafield>
        <datafield tag="700" ind1="1" ind2=" ">
            <subfield code="a">Leino, Nina</subfield>
            <subfield code="e">other</subfield>
            <subfield code="4">oth</subfield>
        </datafield>
        <datafield tag="856" ind1="4" ind2="2">
            <subfield code="u"> https://images.elib.se/cover/1017099/1017099_201511121752.jpg </subfield>
            <subfield code="x">digipic</subfield>
            <subfield code="z">Omslagsbild</subfield>
        </datafield>
        <datafield tag="887" ind1=" " ind2=" ">
            <subfield code="a">
                {"@id":"xg8d5fg80npd3dv","modified":"2016-09-06T19:15:19+02:00","checksum":"48165883866"} </subfield>
            <subfield code="2">librisxl</subfield>
        </datafield>
        <datafield tag="841" ind1=" " ind2=" ">
            <subfield code="5">Afb</subfield>
            <subfield code="a">x a</subfield>
            <subfield code="b">150107||0000|||||000||||||000000</subfield>
            <subfield code="e">1</subfield>
        </datafield>
        <datafield tag="024" ind1="7" ind2=" ">
            <subfield code="5">Afb</subfield>
            <subfield code="a">1017099</subfield>
            <subfield code="2">Distributör: Elib</subfield>
        </datafield>
        <datafield tag="500" ind1=" " ind2=" ">
            <subfield code="5">Afb</subfield>
            <subfield code="a">Online epub (0.38 MB)</subfield>
        </datafield>
        <datafield tag="500" ind1=" " ind2=" ">
            <subfield code="5">Afb</subfield>
            <subfield code="a">Offline epub med Adobe-kryptering (0.38 MB)</subfield>
        </datafield>
        <datafield tag="856" ind1="4" ind2="2">
            <subfield code="5">Afb</subfield>
            <subfield code="u">https://kulturivast.elib.se/Books/Details/1017099</subfield>
            <subfield code="x">origin:Elib</subfield>
            <subfield code="z">Låna från ditt bibliotek. Lånekort krävs.</subfield>
        </datafield>
        <datafield tag="856" ind1="4" ind2="2">
            <subfield code="5">Afb</subfield>
            <subfield code="u"> https://samplefiles.elib.se/epub/1017099/1017099_201511101000.epub </subfield>
            <subfield code="x">origin:Elib</subfield>
            <subfield code="z">Provläs</subfield>
        </datafield>
        <datafield tag="887" ind1=" " ind2=" ">
            <subfield code="5">Afb</subfield>
            <subfield code="a">
                {"@id":"ns0r5jtt5p2bt2j","modified":"2018-04-27T08:53:57+02:00","checksum":"60576195465"} </subfield>
            <subfield code="2">librisxl</subfield>
        </datafield>
        <datafield tag="841" ind1=" " ind2=" ">
            <subfield code="5">BOKR</subfield>
            <subfield code="a">x a</subfield>
            <subfield code="b">171013||0000|||||000||||||000000</subfield>
            <subfield code="e">1</subfield>
        </datafield>
        <datafield tag="887" ind1=" " ind2=" ">
            <subfield code="5">BOKR</subfield>
            <subfield code="a">
                {"@id":"15dq94q64xkv356","modified":"2018-09-06T09:04:43.948+02:00","checksum":"42859503197"} </subfield>
            <subfield code="2">librisxl</subfield>
        </datafield>
        <datafield tag="841" ind1=" " ind2=" ">
            <subfield code="5">BinE</subfield>
            <subfield code="a">x a</subfield>
            <subfield code="b">160324||0000|||||000||||||000000</subfield>
            <subfield code="e">1</subfield>
        </datafield>
        <datafield tag="024" ind1="7" ind2=" ">
            <subfield code="5">BinE</subfield>
            <subfield code="a">1017099</subfield>
            <subfield code="2">Distributör: Elib</subfield>
        </datafield>
        <datafield tag="500" ind1=" " ind2=" ">
            <subfield code="5">BinE</subfield>
            <subfield code="a">Online epub (0.38 MB)</subfield>
        </datafield>
        <datafield tag="500" ind1=" " ind2=" ">
            <subfield code="5">BinE</subfield>
            <subfield code="a">Offline epub med Adobe-kryptering (0.38 MB)</subfield>
        </datafield>
        <datafield tag="856" ind1="4" ind2="2">
            <subfield code="5">BinE</subfield>
            <subfield code="u"> https://samplefiles.elib.se/epub/1017099/1017099_201511101000.epub </subfield>
            <subfield code="x">origin:Elib</subfield>
            <subfield code="z">Provläs</subfield>
        </datafield>
        <datafield tag="887" ind1=" " ind2=" ">
            <subfield code="5">BinE</subfield>
            <subfield code="a">
                {"@id":"lqzx87gr0316vkm","modified":"2018-04-27T08:54:01+02:00","checksum":"55034850316"} </subfield>
            <subfield code="2">librisxl</subfield>
        </datafield>
        <datafield tag="841" ind1=" " ind2=" ">
            <subfield code="5">Biv</subfield>
            <subfield code="a">x a</subfield>
            <subfield code="b">141216||0000|||||000||||||000000</subfield>
            <subfield code="e">1</subfield>
        </datafield>
        <datafield tag="024" ind1="7" ind2=" ">
            <subfield code="5">Biv</subfield>
            <subfield code="a">1017099</subfield>
            <subfield code="2">Distributör: Elib</subfield>
        </datafield>
        <datafield tag="500" ind1=" " ind2=" ">
            <subfield code="5">Biv</subfield>
            <subfield code="a">Online epub (0.38 MB)</subfield>
        </datafield>
        <datafield tag="500" ind1=" " ind2=" ">
            <subfield code="5">Biv</subfield>
            <subfield code="a">Offline epub med Adobe-kryptering (0.38 MB)</subfield>
        </datafield>
        <datafield tag="856" ind1="4" ind2="2">
            <subfield code="5">Biv</subfield>
            <subfield code="u"> https://samplefiles.elib.se/epub/1017099/1017099_201511101000.epub </subfield>
            <subfield code="x">origin:Elib</subfield>
            <subfield code="z">Provläs</subfield>
        </datafield>
        <datafield tag="887" ind1=" " ind2=" ">
            <subfield code="5">Biv</subfield>
            <subfield code="a">
                {"@id":"qv2sqmjw2lqfv0r","modified":"2016-03-24T21:28:30+01:00","checksum":"52640722151"} </subfield>
            <subfield code="2">librisxl</subfield>
        </datafield>
        <datafield tag="841" ind1=" " ind2=" ">
            <subfield code="5">BoE</subfield>
            <subfield code="a">x a</subfield>
            <subfield code="b">160406||0000|||||000||||||000000</subfield>
            <subfield code="e">1</subfield>
        </datafield>
        <datafield tag="024" ind1="7" ind2=" ">
            <subfield code="5">BoE</subfield>
            <subfield code="a">1017099</subfield>
            <subfield code="2">Distributör: Elib</subfield>
        </datafield>
        <datafield tag="500" ind1=" " ind2=" ">
            <subfield code="5">BoE</subfield>
            <subfield code="a">Online epub (0.38 MB)</subfield>
        </datafield>
        <datafield tag="500" ind1=" " ind2=" ">
            <subfield code="5">BoE</subfield>
            <subfield code="a">Offline epub med Adobe-kryptering (0.38 MB)</subfield>
        </datafield>
        <datafield tag="856" ind1="4" ind2="2">
            <subfield code="5">BoE</subfield>
            <subfield code="u"> https://samplefiles.elib.se/epub/1017099/1017099_201511101000.epub </subfield>
            <subfield code="x">origin:Elib</subfield>
            <subfield code="z">Provläs</subfield>
        </datafield>
        <datafield tag="887" ind1=" " ind2=" ">
            <subfield code="5">BoE</subfield>
            <subfield code="a">
                {"@id":"pt21m3xv3n1q3nq","modified":"2018-04-27T08:54:06+02:00","checksum":"55498721049"} </subfield>
            <subfield code="2">librisxl</subfield>
        </datafield>
        <datafield tag="841" ind1=" " ind2=" ">
            <subfield code="5">Elan</subfield>
            <subfield code="a">x a</subfield>
            <subfield code="b">180827||0000|||||000||||||000000</subfield>
            <subfield code="e">1</subfield>
        </datafield>
        <datafield tag="024" ind1="7" ind2=" ">
            <subfield code="5">Elan</subfield>
            <subfield code="a">1017099</subfield>
            <subfield code="2">Distributör: Elib</subfield>
        </datafield>
        <datafield tag="500" ind1=" " ind2=" ">
            <subfield code="5">Elan</subfield>
            <subfield code="a">Online epub (0.38 MB)</subfield>
        </datafield>
        <datafield tag="500" ind1=" " ind2=" ">
            <subfield code="5">Elan</subfield>
            <subfield code="a">Offline epub med Adobe-kryptering (0.38 MB)</subfield>
        </datafield>
        <datafield tag="856" ind1="4" ind2="2">
            <subfield code="5">Elan</subfield>
            <subfield code="u"> https://samplefiles.elib.se/epub/1017099/1017099_201511101000.epub </subfield>
            <subfield code="x">origin:Elib</subfield>
            <subfield code="z">Provläs</subfield>
        </datafield>
        <datafield tag="887" ind1=" " ind2=" ">
            <subfield code="5">Elan</subfield>
            <subfield code="a">
                {"@id":"dnjgdgr1blpcfnrw","modified":"2018-08-27T14:29:00.354+02:00","checksum":"40363680083"} </subfield>
            <subfield code="2">librisxl</subfield>
        </datafield>
        <datafield tag="841" ind1=" " ind2=" ">
            <subfield code="5">Elib</subfield>
            <subfield code="a">x a</subfield>
            <subfield code="b">141216||0000|||||000||||||000000</subfield>
            <subfield code="e">1</subfield>
        </datafield>
        <datafield tag="024" ind1="7" ind2=" ">
            <subfield code="5">Elib</subfield>
            <subfield code="a">1017099</subfield>
            <subfield code="2">Distributör: Elib</subfield>
        </datafield>
        <datafield tag="887" ind1=" " ind2=" ">
            <subfield code="5">Elib</subfield>
            <subfield code="a">
                {"@id":"lqxnlhdr2p1c9nv","modified":"2019-02-21T11:45:39.412+01:00","checksum":"42873250629"} </subfield>
            <subfield code="2">librisxl</subfield>
        </datafield>
        <datafield tag="841" ind1=" " ind2=" ">
            <subfield code="5">GbgE</subfield>
            <subfield code="a">x a</subfield>
            <subfield code="b">150113||0000|||||000||||||000000</subfield>
            <subfield code="e">1</subfield>
        </datafield>
        <datafield tag="024" ind1="7" ind2=" ">
            <subfield code="5">GbgE</subfield>
            <subfield code="a">1017099</subfield>
            <subfield code="2">Distributör: Elib</subfield>
        </datafield>
        <datafield tag="500" ind1=" " ind2=" ">
            <subfield code="5">GbgE</subfield>
            <subfield code="a">Online epub (0.38 MB)</subfield>
        </datafield>
        <datafield tag="500" ind1=" " ind2=" ">
            <subfield code="5">GbgE</subfield>
            <subfield code="a">Offline epub med Adobe-kryptering (0.38 MB)</subfield>
        </datafield>
        <datafield tag="856" ind1="4" ind2="2">
            <subfield code="5">GbgE</subfield>
            <subfield code="u">https://e-gotlib.elib.se/Books/Details/1017099</subfield>
            <subfield code="x">origin:Elib</subfield>
            <subfield code="z">Låna från ditt bibliotek. Lånekort krävs.</subfield>
        </datafield>
        <datafield tag="856" ind1="4" ind2="2">
            <subfield code="5">GbgE</subfield>
            <subfield code="u"> https://samplefiles.elib.se/epub/1017099/1017099_201511101000.epub </subfield>
            <subfield code="x">origin:Elib</subfield>
            <subfield code="z">Provläs</subfield>
        </datafield>
        <datafield tag="887" ind1=" " ind2=" ">
            <subfield code="5">GbgE</subfield>
            <subfield code="a">
                {"@id":"8dlcts1f2fl03pb","modified":"2018-05-29T16:25:20+02:00","checksum":"53513752799"} </subfield>
            <subfield code="2">librisxl</subfield>
        </datafield>
        <datafield tag="841" ind1=" " ind2=" ">
            <subfield code="5">Gnes</subfield>
            <subfield code="a">x a</subfield>
            <subfield code="b">190213||0000|||||000||||||000000</subfield>
            <subfield code="e">1</subfield>
        </datafield>
        <datafield tag="024" ind1="7" ind2=" ">
            <subfield code="5">Gnes</subfield>
            <subfield code="a">1017099</subfield>
            <subfield code="2">Distributör: Elib</subfield>
        </datafield>
        <datafield tag="500" ind1=" " ind2=" ">
            <subfield code="5">Gnes</subfield>
            <subfield code="a">Online epub (0.38 MB)</subfield>
        </datafield>
        <datafield tag="500" ind1=" " ind2=" ">
            <subfield code="5">Gnes</subfield>
            <subfield code="a">Offline epub med Adobe-kryptering (0.38 MB)</subfield>
        </datafield>
        <datafield tag="856" ind1="4" ind2="2">
            <subfield code="5">Gnes</subfield>
            <subfield code="u"> https://samplefiles.elib.se/epub/1017099/1017099_201511101000.epub </subfield>
            <subfield code="x">origin:Elib</subfield>
            <subfield code="z">Provläs</subfield>
        </datafield>
        <datafield tag="887" ind1=" " ind2=" ">
            <subfield code="5">Gnes</subfield>
            <subfield code="a">
                {"@id":"q0jxwm5fn6bnxzb9","modified":"2019-02-13T11:47:47.218+01:00","checksum":"44629258820"} </subfield>
            <subfield code="2">librisxl</subfield>
        </datafield>
        <datafield tag="841" ind1=" " ind2=" ">
            <subfield code="5">Gnos</subfield>
            <subfield code="a">x a</subfield>
            <subfield code="b">141113||0000|||||000||||||000000</subfield>
            <subfield code="e">1</subfield>
        </datafield>
        <datafield tag="024" ind1="7" ind2=" ">
            <subfield code="5">Gnos</subfield>
            <subfield code="a">1017099</subfield>
            <subfield code="2">Distributör: Elib</subfield>
        </datafield>
        <datafield tag="500" ind1=" " ind2=" ">
            <subfield code="5">Gnos</subfield>
            <subfield code="a">Online epub (0.38 MB)</subfield>
        </datafield>
        <datafield tag="500" ind1=" " ind2=" ">
            <subfield code="5">Gnos</subfield>
            <subfield code="a">Offline epub med Adobe-kryptering (0.38 MB)</subfield>
        </datafield>
        <datafield tag="856" ind1="4" ind2="2">
            <subfield code="5">Gnos</subfield>
            <subfield code="u"> https://samplefiles.elib.se/epub/1017099/1017099_201511101000.epub </subfield>
            <subfield code="x">origin:Elib</subfield>
            <subfield code="z">Provläs</subfield>
        </datafield>
        <datafield tag="887" ind1=" " ind2=" ">
            <subfield code="5">Gnos</subfield>
            <subfield code="a">
                {"@id":"fkrh10ql01qdhhj","modified":"2018-05-29T16:25:20+02:00","checksum":"55809469362"} </subfield>
            <subfield code="2">librisxl</subfield>
        </datafield>
        <datafield tag="841" ind1=" " ind2=" ">
            <subfield code="5">Habo</subfield>
            <subfield code="a">x a</subfield>
            <subfield code="b">170104||0000|||||000||||||000000</subfield>
            <subfield code="e">1</subfield>
        </datafield>
        <datafield tag="024" ind1="7" ind2=" ">
            <subfield code="5">Habo</subfield>
            <subfield code="a">1017099</subfield>
            <subfield code="2">Distributör: Elib</subfield>
        </datafield>
        <datafield tag="500" ind1=" " ind2=" ">
            <subfield code="5">Habo</subfield>
            <subfield code="a">Online epub (0.38 MB)</subfield>
        </datafield>
        <datafield tag="500" ind1=" " ind2=" ">
            <subfield code="5">Habo</subfield>
            <subfield code="a">Offline epub med Adobe-kryptering (0.38 MB)</subfield>
        </datafield>
        <datafield tag="856" ind1="4" ind2="2">
            <subfield code="5">Habo</subfield>
            <subfield code="u"> https://samplefiles.elib.se/epub/1017099/1017099_201511101000.epub </subfield>
            <subfield code="x">origin:Elib</subfield>
            <subfield code="z">Provläs</subfield>
        </datafield>
        <datafield tag="887" ind1=" " ind2=" ">
            <subfield code="5">Habo</subfield>
            <subfield code="a">
                {"@id":"kpx2bcxq4gjnvn8","modified":"2018-04-27T08:53:57+02:00","checksum":"49802602781"} </subfield>
            <subfield code="2">librisxl</subfield>
        </datafield>
        <datafield tag="841" ind1=" " ind2=" ">
            <subfield code="5">Hamn</subfield>
            <subfield code="a">x a</subfield>
            <subfield code="b">171121||0000|||||000||||||000000</subfield>
            <subfield code="e">1</subfield>
        </datafield>
        <datafield tag="024" ind1="7" ind2=" ">
            <subfield code="5">Hamn</subfield>
            <subfield code="a">1017099</subfield>
            <subfield code="2">Distributör: Elib</subfield>
        </datafield>
        <datafield tag="500" ind1=" " ind2=" ">
            <subfield code="5">Hamn</subfield>
            <subfield code="a">Online epub (0.38 MB)</subfield>
        </datafield>
        <datafield tag="500" ind1=" " ind2=" ">
            <subfield code="5">Hamn</subfield>
            <subfield code="a">Offline epub med Adobe-kryptering (0.38 MB)</subfield>
        </datafield>
        <datafield tag="856" ind1="4" ind2="2">
            <subfield code="5">Hamn</subfield>
            <subfield code="u">https://kulturivast.elib.se/Books/Details/1017099</subfield>
            <subfield code="x">origin:Elib</subfield>
            <subfield code="z">Låna från ditt bibliotek. Lånekort krävs.</subfield>
        </datafield>
        <datafield tag="856" ind1="4" ind2="2">
            <subfield code="5">Hamn</subfield>
            <subfield code="u"> https://samplefiles.elib.se/epub/1017099/1017099_201511101000.epub </subfield>
            <subfield code="x">origin:Elib</subfield>
            <subfield code="z">Provläs</subfield>
        </datafield>
        <datafield tag="887" ind1=" " ind2=" ">
            <subfield code="5">Hamn</subfield>
            <subfield code="a">
                {"@id":"v07l76k13wcbwd8","modified":"2018-04-27T08:53:59+02:00","checksum":"46382906653"} </subfield>
            <subfield code="2">librisxl</subfield>
        </datafield>
        <datafield tag="841" ind1=" " ind2=" ">
            <subfield code="5">Harj</subfield>
            <subfield code="a">x a</subfield>
            <subfield code="b">160413||0000|||||000||||||000000</subfield>
            <subfield code="e">1</subfield>
        </datafield>
        <datafield tag="024" ind1="7" ind2=" ">
            <subfield code="5">Harj</subfield>
            <subfield code="a">1017099</subfield>
            <subfield code="2">Distributör: Elib</subfield>
        </datafield>
        <datafield tag="500" ind1=" " ind2=" ">
            <subfield code="5">Harj</subfield>
            <subfield code="a">Online epub (0.38 MB)</subfield>
        </datafield>
        <datafield tag="500" ind1=" " ind2=" ">
            <subfield code="5">Harj</subfield>
            <subfield code="a">Offline epub med Adobe-kryptering (0.38 MB)</subfield>
        </datafield>
        <datafield tag="856" ind1="4" ind2="2">
            <subfield code="5">Harj</subfield>
            <subfield code="u"> https://samplefiles.elib.se/epub/1017099/1017099_201511101000.epub </subfield>
            <subfield code="x">origin:Elib</subfield>
            <subfield code="z">Provläs</subfield>
        </datafield>
        <datafield tag="887" ind1=" " ind2=" ">
            <subfield code="5">Harj</subfield>
            <subfield code="a">
                {"@id":"48hg8nx926587s6","modified":"2018-04-27T08:54:02+02:00","checksum":"47038372043"} </subfield>
            <subfield code="2">librisxl</subfield>
        </datafield>
        <datafield tag="841" ind1=" " ind2=" ">
            <subfield code="5">Hasb</subfield>
            <subfield code="a">x a</subfield>
            <subfield code="b">141209||0000|||||000||||||000000</subfield>
            <subfield code="e">1</subfield>
        </datafield>
        <datafield tag="024" ind1="7" ind2=" ">
            <subfield code="5">Hasb</subfield>
            <subfield code="a">1017099</subfield>
            <subfield code="2">Distributör: Elib</subfield>
        </datafield>
        <datafield tag="500" ind1=" " ind2=" ">
            <subfield code="5">Hasb</subfield>
            <subfield code="a">Online epub (0.38 MB)</subfield>
        </datafield>
        <datafield tag="500" ind1=" " ind2=" ">
            <subfield code="5">Hasb</subfield>
            <subfield code="a">Offline epub med Adobe-kryptering (0.38 MB)</subfield>
        </datafield>
        <datafield tag="856" ind1="4" ind2="2">
            <subfield code="5">Hasb</subfield>
            <subfield code="u"> https://samplefiles.elib.se/epub/1017099/1017099_201511101000.epub </subfield>
            <subfield code="x">origin:Elib</subfield>
            <subfield code="z">Provläs</subfield>
        </datafield>
        <datafield tag="887" ind1=" " ind2=" ">
            <subfield code="5">Hasb</subfield>
            <subfield code="a">
                {"@id":"djqg8svk116j9l0","modified":"2016-03-31T12:13:39+02:00","checksum":"50337117518"} </subfield>
            <subfield code="2">librisxl</subfield>
        </datafield>
        <datafield tag="841" ind1=" " ind2=" ">
            <subfield code="5">Helg</subfield>
            <subfield code="a">x a</subfield>
            <subfield code="b">160324||0000|||||000||||||000000</subfield>
            <subfield code="e">1</subfield>
        </datafield>
        <datafield tag="024" ind1="7" ind2=" ">
            <subfield code="5">Helg</subfield>
            <subfield code="a">1017099</subfield>
            <subfield code="2">Distributör: Elib</subfield>
        </datafield>
        <datafield tag="500" ind1=" " ind2=" ">
            <subfield code="5">Helg</subfield>
            <subfield code="a">Online epub (0.38 MB)</subfield>
        </datafield>
        <datafield tag="500" ind1=" " ind2=" ">
            <subfield code="5">Helg</subfield>
            <subfield code="a">Offline epub med Adobe-kryptering (0.38 MB)</subfield>
        </datafield>
        <datafield tag="856" ind1="4" ind2="2">
            <subfield code="5">Helg</subfield>
            <subfield code="u"> https://samplefiles.elib.se/epub/1017099/1017099_201511101000.epub </subfield>
            <subfield code="x">origin:Elib</subfield>
            <subfield code="z">Provläs</subfield>
        </datafield>
        <datafield tag="887" ind1=" " ind2=" ">
            <subfield code="5">Helg</subfield>
            <subfield code="a">
                {"@id":"glts43bm5t3zqz0","modified":"2018-04-27T08:54:00+02:00","checksum":"49831132953"} </subfield>
            <subfield code="2">librisxl</subfield>
        </datafield>
        <datafield tag="841" ind1=" " ind2=" ">
            <subfield code="5">HibE</subfield>
            <subfield code="a">x a</subfield>
            <subfield code="b">150609||0000|||||000||||||000000</subfield>
            <subfield code="e">1</subfield>
        </datafield>
        <datafield tag="024" ind1="7" ind2=" ">
            <subfield code="5">HibE</subfield>
            <subfield code="a">1017099</subfield>
            <subfield code="2">Distributör: Elib</subfield>
        </datafield>
        <datafield tag="500" ind1=" " ind2=" ">
            <subfield code="5">HibE</subfield>
            <subfield code="a">Online epub (0.38 MB)</subfield>
        </datafield>
        <datafield tag="500" ind1=" " ind2=" ">
            <subfield code="5">HibE</subfield>
            <subfield code="a">Offline epub med Adobe-kryptering (0.38 MB)</subfield>
        </datafield>
        <datafield tag="856" ind1="4" ind2="2">
            <subfield code="5">HibE</subfield>
            <subfield code="u">https://hb.elib.se/Books/Details/1017099</subfield>
            <subfield code="x">origin:Elib</subfield>
            <subfield code="z">Låna från ditt bibliotek. Lånekort krävs.</subfield>
        </datafield>
        <datafield tag="856" ind1="4" ind2="2">
            <subfield code="5">HibE</subfield>
            <subfield code="u"> https://samplefiles.elib.se/epub/1017099/1017099_201511101000.epub </subfield>
            <subfield code="x">origin:Elib</subfield>
            <subfield code="z">Provläs</subfield>
        </datafield>
        <datafield tag="887" ind1=" " ind2=" ">
            <subfield code="5">HibE</subfield>
            <subfield code="a">
                {"@id":"mr0s79ks2wkr8vv","modified":"2018-04-27T08:54:06+02:00","checksum":"56772984243"} </subfield>
            <subfield code="2">librisxl</subfield>
        </datafield>
        <datafield tag="841" ind1=" " ind2=" ">
            <subfield code="5">HsdE</subfield>
            <subfield code="a">x a</subfield>
            <subfield code="b">160331||0000|||||000||||||000000</subfield>
            <subfield code="e">1</subfield>
        </datafield>
        <datafield tag="024" ind1="7" ind2=" ">
            <subfield code="5">HsdE</subfield>
            <subfield code="a">1017099</subfield>
            <subfield code="2">Distributör: Elib</subfield>
        </datafield>
        <datafield tag="500" ind1=" " ind2=" ">
            <subfield code="5">HsdE</subfield>
            <subfield code="a">Online epub (0.38 MB)</subfield>
        </datafield>
        <datafield tag="500" ind1=" " ind2=" ">
            <subfield code="5">HsdE</subfield>
            <subfield code="a">Offline epub med Adobe-kryptering (0.38 MB)</subfield>
        </datafield>
        <datafield tag="856" ind1="4" ind2="2">
            <subfield code="5">HsdE</subfield>
            <subfield code="u"> https://samplefiles.elib.se/epub/1017099/1017099_201511101000.epub </subfield>
            <subfield code="x">origin:Elib</subfield>
            <subfield code="z">Provläs</subfield>
        </datafield>
        <datafield tag="887" ind1=" " ind2=" ">
            <subfield code="5">HsdE</subfield>
            <subfield code="a">
                {"@id":"w187ntm24h0wf6s","modified":"2018-04-27T08:54:04+02:00","checksum":"54073466562"} </subfield>
            <subfield code="2">librisxl</subfield>
        </datafield>
        <datafield tag="841" ind1=" " ind2=" ">
            <subfield code="5">Kas</subfield>
            <subfield code="a">x a</subfield>
            <subfield code="b">190212||0000|||||000||||||000000</subfield>
            <subfield code="e">1</subfield>
        </datafield>
        <datafield tag="024" ind1="7" ind2=" ">
            <subfield code="5">Kas</subfield>
            <subfield code="a">1017099</subfield>
            <subfield code="2">Distributör: Elib</subfield>
        </datafield>
        <datafield tag="500" ind1=" " ind2=" ">
            <subfield code="5">Kas</subfield>
            <subfield code="a">Online epub (0.38 MB)</subfield>
        </datafield>
        <datafield tag="500" ind1=" " ind2=" ">
            <subfield code="5">Kas</subfield>
            <subfield code="a">Offline epub med Adobe-kryptering (0.38 MB)</subfield>
        </datafield>
        <datafield tag="856" ind1="4" ind2="2">
            <subfield code="5">Kas</subfield>
            <subfield code="u"> https://samplefiles.elib.se/epub/1017099/1017099_201511101000.epub </subfield>
            <subfield code="x">origin:Elib</subfield>
            <subfield code="z">Provläs</subfield>
        </datafield>
        <datafield tag="887" ind1=" " ind2=" ">
            <subfield code="5">Kas</subfield>
            <subfield code="a">
                {"@id":"4dx6rzdq22g8kf69","modified":"2019-02-12T11:55:48.608+01:00","checksum":"42735042326"} </subfield>
            <subfield code="2">librisxl</subfield>
        </datafield>
        <datafield tag="841" ind1=" " ind2=" ">
            <subfield code="5">Krkb</subfield>
            <subfield code="a">x a</subfield>
            <subfield code="b">180524||0000|||||000||||||000000</subfield>
            <subfield code="e">1</subfield>
        </datafield>
        <datafield tag="024" ind1="7" ind2=" ">
            <subfield code="5">Krkb</subfield>
            <subfield code="a">1017099</subfield>
            <subfield code="2">Distributör: Elib</subfield>
        </datafield>
        <datafield tag="500" ind1=" " ind2=" ">
            <subfield code="5">Krkb</subfield>
            <subfield code="a">Online epub (0.38 MB)</subfield>
        </datafield>
        <datafield tag="500" ind1=" " ind2=" ">
            <subfield code="5">Krkb</subfield>
            <subfield code="a">Offline epub med Adobe-kryptering (0.38 MB)</subfield>
        </datafield>
        <datafield tag="856" ind1="4" ind2="2">
            <subfield code="5">Krkb</subfield>
            <subfield code="u"> https://samplefiles.elib.se/epub/1017099/1017099_201511101000.epub </subfield>
            <subfield code="x">origin:Elib</subfield>
            <subfield code="z">Provläs</subfield>
        </datafield>
        <datafield tag="887" ind1=" " ind2=" ">
            <subfield code="5">Krkb</subfield>
            <subfield code="a">
                {"@id":"6bk11gfc3spp7lg","modified":"2018-05-24T17:21:19+02:00","checksum":"51381422711"} </subfield>
            <subfield code="2">librisxl</subfield>
        </datafield>
        <datafield tag="841" ind1=" " ind2=" ">
            <subfield code="5">Kssb</subfield>
            <subfield code="a">x a</subfield>
            <subfield code="b">141127||0000|||||000||||||000000</subfield>
            <subfield code="e">1</subfield>
        </datafield>
        <datafield tag="024" ind1="7" ind2=" ">
            <subfield code="5">Kssb</subfield>
            <subfield code="a">1017099</subfield>
            <subfield code="2">Distributör: Elib</subfield>
        </datafield>
        <datafield tag="500" ind1=" " ind2=" ">
            <subfield code="5">Kssb</subfield>
            <subfield code="a">Online epub (0.38 MB)</subfield>
        </datafield>
        <datafield tag="500" ind1=" " ind2=" ">
            <subfield code="5">Kssb</subfield>
            <subfield code="a">Offline epub med Adobe-kryptering (0.38 MB)</subfield>
        </datafield>
        <datafield tag="856" ind1="4" ind2="2">
            <subfield code="5">Kssb</subfield>
            <subfield code="u"> https://samplefiles.elib.se/epub/1017099/1017099_201511101000.epub </subfield>
            <subfield code="x">origin:Elib</subfield>
            <subfield code="z">Provläs</subfield>
        </datafield>
        <datafield tag="887" ind1=" " ind2=" ">
            <subfield code="5">Kssb</subfield>
            <subfield code="a">
                {"@id":"hmtk7c0n1tp3m9q","modified":"2016-03-24T21:28:19+01:00","checksum":"55303443601"} </subfield>
            <subfield code="2">librisxl</subfield>
        </datafield>
        <datafield tag="841" ind1=" " ind2=" ">
            <subfield code="5">Leru</subfield>
            <subfield code="a">x a</subfield>
            <subfield code="b">141216||0000|||||000||||||000000</subfield>
            <subfield code="e">1</subfield>
        </datafield>
        <datafield tag="024" ind1="7" ind2=" ">
            <subfield code="5">Leru</subfield>
            <subfield code="a">1017099</subfield>
            <subfield code="2">Distributör: Elib</subfield>
        </datafield>
        <datafield tag="500" ind1=" " ind2=" ">
            <subfield code="5">Leru</subfield>
            <subfield code="a">Online epub (0.38 MB)</subfield>
        </datafield>
        <datafield tag="500" ind1=" " ind2=" ">
            <subfield code="5">Leru</subfield>
            <subfield code="a">Offline epub med Adobe-kryptering (0.38 MB)</subfield>
        </datafield>
        <datafield tag="856" ind1="4" ind2="2">
            <subfield code="5">Leru</subfield>
            <subfield code="u">https://kulturivast.elib.se/Books/Details/1017099</subfield>
            <subfield code="x">origin:Elib</subfield>
            <subfield code="z">Låna från ditt bibliotek. Lånekort krävs.</subfield>
        </datafield>
        <datafield tag="856" ind1="4" ind2="2">
            <subfield code="5">Leru</subfield>
            <subfield code="u"> https://samplefiles.elib.se/epub/1017099/1017099_201511101000.epub </subfield>
            <subfield code="x">origin:Elib</subfield>
            <subfield code="z">Provläs</subfield>
        </datafield>
        <datafield tag="887" ind1=" " ind2=" ">
            <subfield code="5">Leru</subfield>
            <subfield code="a">
                {"@id":"mrzpmjfs5d7zk8k","modified":"2018-04-27T08:53:57+02:00","checksum":"56941739365"} </subfield>
            <subfield code="2">librisxl</subfield>
        </datafield>
        <datafield tag="841" ind1=" " ind2=" ">
            <subfield code="5">Less</subfield>
            <subfield code="a">x a</subfield>
            <subfield code="b">141117||0000|||||000||||||000000</subfield>
            <subfield code="e">1</subfield>
        </datafield>
        <datafield tag="024" ind1="7" ind2=" ">
            <subfield code="5">Less</subfield>
            <subfield code="a">1017099</subfield>
            <subfield code="2">Distributör: Elib</subfield>
        </datafield>
        <datafield tag="500" ind1=" " ind2=" ">
            <subfield code="5">Less</subfield>
            <subfield code="a">Online epub (0.38 MB)</subfield>
        </datafield>
        <datafield tag="500" ind1=" " ind2=" ">
            <subfield code="5">Less</subfield>
            <subfield code="a">Offline epub med Adobe-kryptering (0.38 MB)</subfield>
        </datafield>
        <datafield tag="856" ind1="4" ind2="2">
            <subfield code="5">Less</subfield>
            <subfield code="u"> https://samplefiles.elib.se/epub/1017099/1017099_201511101000.epub </subfield>
            <subfield code="x">origin:Elib</subfield>
            <subfield code="z">Provläs</subfield>
        </datafield>
        <datafield tag="887" ind1=" " ind2=" ">
            <subfield code="5">Less</subfield>
            <subfield code="a">
                {"@id":"48g6rsh91z6szmj","modified":"2016-03-24T21:28:16+01:00","checksum":"57234217710"} </subfield>
            <subfield code="2">librisxl</subfield>
        </datafield>
        <datafield tag="841" ind1=" " ind2=" ">
            <subfield code="5">Lisb</subfield>
            <subfield code="a">x a</subfield>
            <subfield code="b">180328||0000|||||000||||||000000</subfield>
            <subfield code="e">1</subfield>
        </datafield>
        <datafield tag="024" ind1="7" ind2=" ">
            <subfield code="5">Lisb</subfield>
            <subfield code="a">1017099</subfield>
            <subfield code="2">Distributör: Elib</subfield>
        </datafield>
        <datafield tag="500" ind1=" " ind2=" ">
            <subfield code="5">Lisb</subfield>
            <subfield code="a">Online epub (0.38 MB)</subfield>
        </datafield>
        <datafield tag="500" ind1=" " ind2=" ">
            <subfield code="5">Lisb</subfield>
            <subfield code="a">Offline epub med Adobe-kryptering (0.38 MB)</subfield>
        </datafield>
        <datafield tag="856" ind1="4" ind2="2">
            <subfield code="5">Lisb</subfield>
            <subfield code="u"> https://samplefiles.elib.se/epub/1017099/1017099_201511101000.epub </subfield>
            <subfield code="x">origin:Elib</subfield>
            <subfield code="z">Provläs</subfield>
        </datafield>
        <datafield tag="887" ind1=" " ind2=" ">
            <subfield code="5">Lisb</subfield>
            <subfield code="a">
                {"@id":"jnwbmx1p1ll0pvb","modified":"2018-05-29T16:25:20+02:00","checksum":"47726979846"} </subfield>
            <subfield code="2">librisxl</subfield>
        </datafield>
        <datafield tag="841" ind1=" " ind2=" ">
            <subfield code="5">Lyck</subfield>
            <subfield code="a">x a</subfield>
            <subfield code="b">150115||0000|||||000||||||000000</subfield>
            <subfield code="e">1</subfield>
        </datafield>
        <datafield tag="024" ind1="7" ind2=" ">
            <subfield code="5">Lyck</subfield>
            <subfield code="a">1017099</subfield>
            <subfield code="2">Distributör: Elib</subfield>
        </datafield>
        <datafield tag="500" ind1=" " ind2=" ">
            <subfield code="5">Lyck</subfield>
            <subfield code="a">Online epub (0.38 MB)</subfield>
        </datafield>
        <datafield tag="500" ind1=" " ind2=" ">
            <subfield code="5">Lyck</subfield>
            <subfield code="a">Offline epub med Adobe-kryptering (0.38 MB)</subfield>
        </datafield>
        <datafield tag="856" ind1="4" ind2="2">
            <subfield code="5">Lyck</subfield>
            <subfield code="u">https://kulturivast.elib.se/Books/Details/1017099</subfield>
            <subfield code="x">origin:Elib</subfield>
            <subfield code="z">Låna från ditt bibliotek. Lånekort krävs.</subfield>
        </datafield>
        <datafield tag="856" ind1="4" ind2="2">
            <subfield code="5">Lyck</subfield>
            <subfield code="u"> https://samplefiles.elib.se/epub/1017099/1017099_201511101000.epub </subfield>
            <subfield code="x">origin:Elib</subfield>
            <subfield code="z">Provläs</subfield>
        </datafield>
        <datafield tag="887" ind1=" " ind2=" ">
            <subfield code="5">Lyck</subfield>
            <subfield code="a">
                {"@id":"8dlcwn6f0l89crb","modified":"2018-04-27T08:53:58+02:00","checksum":"53819294124"} </subfield>
            <subfield code="2">librisxl</subfield>
        </datafield>
        <datafield tag="841" ind1=" " ind2=" ">
            <subfield code="5">MoE</subfield>
            <subfield code="a">x a</subfield>
            <subfield code="b">160906||0000|||||000||||||000000</subfield>
            <subfield code="e">1</subfield>
        </datafield>
        <datafield tag="024" ind1="7" ind2=" ">
            <subfield code="5">MoE</subfield>
            <subfield code="a">1017099</subfield>
            <subfield code="2">Distributör: Elib</subfield>
        </datafield>
        <datafield tag="500" ind1=" " ind2=" ">
            <subfield code="5">MoE</subfield>
            <subfield code="a">Online epub (0.38 MB)</subfield>
        </datafield>
        <datafield tag="500" ind1=" " ind2=" ">
            <subfield code="5">MoE</subfield>
            <subfield code="a">Offline epub med Adobe-kryptering (0.38 MB)</subfield>
        </datafield>
        <datafield tag="856" ind1="4" ind2="2">
            <subfield code="5">MoE</subfield>
            <subfield code="u">https://malmo.elib.se/Books/Details/1017099</subfield>
            <subfield code="x">origin:Elib</subfield>
            <subfield code="z">Låna från ditt bibliotek. Lånekort krävs.</subfield>
        </datafield>
        <datafield tag="856" ind1="4" ind2="2">
            <subfield code="5">MoE</subfield>
            <subfield code="u"> https://samplefiles.elib.se/epub/1017099/1017099_201511101000.epub </subfield>
            <subfield code="x">origin:Elib</subfield>
            <subfield code="z">Provläs</subfield>
        </datafield>
        <datafield tag="887" ind1=" " ind2=" ">
            <subfield code="5">MoE</subfield>
            <subfield code="a">
                {"@id":"hmvx2kdn09t7jw0","modified":"2018-04-27T08:54:03+02:00","checksum":"56625820194"} </subfield>
            <subfield code="2">librisxl</subfield>
        </datafield>
        <datafield tag="841" ind1=" " ind2=" ">
            <subfield code="5">Moln</subfield>
            <subfield code="a">x a</subfield>
            <subfield code="b">150114||0000|||||000||||||000000</subfield>
            <subfield code="e">1</subfield>
        </datafield>
        <datafield tag="024" ind1="7" ind2=" ">
            <subfield code="5">Moln</subfield>
            <subfield code="a">1017099</subfield>
            <subfield code="2">Distributör: Elib</subfield>
        </datafield>
        <datafield tag="500" ind1=" " ind2=" ">
            <subfield code="5">Moln</subfield>
            <subfield code="a">Online epub (0.38 MB)</subfield>
        </datafield>
        <datafield tag="500" ind1=" " ind2=" ">
            <subfield code="5">Moln</subfield>
            <subfield code="a">Offline epub med Adobe-kryptering (0.38 MB)</subfield>
        </datafield>
        <datafield tag="856" ind1="4" ind2="2">
            <subfield code="5">Moln</subfield>
            <subfield code="u"> https://samplefiles.elib.se/epub/1017099/1017099_201511101000.epub </subfield>
            <subfield code="x">origin:Elib</subfield>
            <subfield code="z">Provläs</subfield>
        </datafield>
        <datafield tag="887" ind1=" " ind2=" ">
            <subfield code="5">Moln</subfield>
            <subfield code="a">
                {"@id":"59h8rrfb2fh1k1k","modified":"2016-03-24T21:28:39+01:00","checksum":"54479051235"} </subfield>
            <subfield code="2">librisxl</subfield>
        </datafield>
        <datafield tag="841" ind1=" " ind2=" ">
            <subfield code="5">Munk</subfield>
            <subfield code="a">x a</subfield>
            <subfield code="b">171121||0000|||||000||||||000000</subfield>
            <subfield code="e">1</subfield>
        </datafield>
        <datafield tag="024" ind1="7" ind2=" ">
            <subfield code="5">Munk</subfield>
            <subfield code="a">1017099</subfield>
            <subfield code="2">Distributör: Elib</subfield>
        </datafield>
        <datafield tag="500" ind1=" " ind2=" ">
            <subfield code="5">Munk</subfield>
            <subfield code="a">Online epub (0.38 MB)</subfield>
        </datafield>
        <datafield tag="500" ind1=" " ind2=" ">
            <subfield code="5">Munk</subfield>
            <subfield code="a">Offline epub med Adobe-kryptering (0.38 MB)</subfield>
        </datafield>
        <datafield tag="856" ind1="4" ind2="2">
            <subfield code="5">Munk</subfield>
            <subfield code="u">https://kulturivast.elib.se/Books/Details/1017099</subfield>
            <subfield code="x">origin:Elib</subfield>
            <subfield code="z">Låna från ditt bibliotek. Lånekort krävs.</subfield>
        </datafield>
        <datafield tag="856" ind1="4" ind2="2">
            <subfield code="5">Munk</subfield>
            <subfield code="u"> https://samplefiles.elib.se/epub/1017099/1017099_201511101000.epub </subfield>
            <subfield code="x">origin:Elib</subfield>
            <subfield code="z">Provläs</subfield>
        </datafield>
        <datafield tag="887" ind1=" " ind2=" ">
            <subfield code="5">Munk</subfield>
            <subfield code="a">
                {"@id":"sx5j54gz0sb6bmh","modified":"2018-04-27T08:53:58+02:00","checksum":"51470821921"} </subfield>
            <subfield code="2">librisxl</subfield>
        </datafield>
        <datafield tag="841" ind1=" " ind2=" ">
            <subfield code="5">Nass</subfield>
            <subfield code="a">x a</subfield>
            <subfield code="b">160324||0000|||||000||||||000000</subfield>
            <subfield code="e">1</subfield>
        </datafield>
        <datafield tag="024" ind1="7" ind2=" ">
            <subfield code="5">Nass</subfield>
            <subfield code="a">1017099</subfield>
            <subfield code="2">Distributör: Elib</subfield>
        </datafield>
        <datafield tag="500" ind1=" " ind2=" ">
            <subfield code="5">Nass</subfield>
            <subfield code="a">Online epub (0.38 MB)</subfield>
        </datafield>
        <datafield tag="500" ind1=" " ind2=" ">
            <subfield code="5">Nass</subfield>
            <subfield code="a">Offline epub med Adobe-kryptering (0.38 MB)</subfield>
        </datafield>
        <datafield tag="856" ind1="4" ind2="2">
            <subfield code="5">Nass</subfield>
            <subfield code="u"> https://samplefiles.elib.se/epub/1017099/1017099_201511101000.epub </subfield>
            <subfield code="x">origin:Elib</subfield>
            <subfield code="z">Provläs</subfield>
        </datafield>
        <datafield tag="887" ind1=" " ind2=" ">
            <subfield code="5">Nass</subfield>
            <subfield code="a">
                {"@id":"kpxw76fq2mmrbb3","modified":"2018-04-27T08:54:00+02:00","checksum":"45969107792"} </subfield>
            <subfield code="2">librisxl</subfield>
        </datafield>
        <datafield tag="841" ind1=" " ind2=" ">
            <subfield code="5">Nyks</subfield>
            <subfield code="a">x a</subfield>
            <subfield code="b">150126||0000|||||000||||||000000</subfield>
            <subfield code="e">1</subfield>
        </datafield>
        <datafield tag="024" ind1="7" ind2=" ">
            <subfield code="5">Nyks</subfield>
            <subfield code="a">1017099</subfield>
            <subfield code="2">Distributör: Elib</subfield>
        </datafield>
        <datafield tag="500" ind1=" " ind2=" ">
            <subfield code="5">Nyks</subfield>
            <subfield code="a">Online epub (0.38 MB)</subfield>
        </datafield>
        <datafield tag="500" ind1=" " ind2=" ">
            <subfield code="5">Nyks</subfield>
            <subfield code="a">Offline epub med Adobe-kryptering (0.38 MB)</subfield>
        </datafield>
        <datafield tag="856" ind1="4" ind2="2">
            <subfield code="5">Nyks</subfield>
            <subfield code="u">https://sormland.elib.se/Books/Details/1017099</subfield>
            <subfield code="x">origin:Elib</subfield>
            <subfield code="z">Låna från ditt bibliotek. Lånekort krävs.</subfield>
        </datafield>
        <datafield tag="856" ind1="4" ind2="2">
            <subfield code="5">Nyks</subfield>
            <subfield code="u"> https://samplefiles.elib.se/epub/1017099/1017099_201511101000.epub </subfield>
            <subfield code="x">origin:Elib</subfield>
            <subfield code="z">Provläs</subfield>
        </datafield>
        <datafield tag="887" ind1=" " ind2=" ">
            <subfield code="5">Nyks</subfield>
            <subfield code="a">
                {"@id":"glskbpcm25rjh25","modified":"2018-04-27T08:54:04+02:00","checksum":"57391368890"} </subfield>
            <subfield code="2">librisxl</subfield>
        </datafield>
        <datafield tag="841" ind1=" " ind2=" ">
            <subfield code="5">Okb</subfield>
            <subfield code="a">x a</subfield>
            <subfield code="b">190220||0000|||||000||||||000000</subfield>
            <subfield code="e">1</subfield>
        </datafield>
        <datafield tag="024" ind1="7" ind2=" ">
            <subfield code="5">Okb</subfield>
            <subfield code="a">1017099</subfield>
            <subfield code="2">Distributör: Elib</subfield>
        </datafield>
        <datafield tag="500" ind1=" " ind2=" ">
            <subfield code="5">Okb</subfield>
            <subfield code="a">Online epub (0.38 MB)</subfield>
        </datafield>
        <datafield tag="500" ind1=" " ind2=" ">
            <subfield code="5">Okb</subfield>
            <subfield code="a">Offline epub med Adobe-kryptering (0.38 MB)</subfield>
        </datafield>
        <datafield tag="856" ind1="4" ind2="2">
            <subfield code="5">Okb</subfield>
            <subfield code="u"> https://samplefiles.elib.se/epub/1017099/1017099_201511101000.epub </subfield>
            <subfield code="x">origin:Elib</subfield>
            <subfield code="z">Provläs</subfield>
        </datafield>
        <datafield tag="887" ind1=" " ind2=" ">
            <subfield code="5">Okb</subfield>
            <subfield code="a">
                {"@id":"r1ls8hhtpfgq7w84","modified":"2019-02-20T14:45:39.749+01:00","checksum":"40979095891"} </subfield>
            <subfield code="2">librisxl</subfield>
        </datafield>
        <datafield tag="841" ind1=" " ind2=" ">
            <subfield code="5">Os</subfield>
            <subfield code="a">x a</subfield>
            <subfield code="b">190221||0000|||||000||||||000000</subfield>
            <subfield code="e">1</subfield>
        </datafield>
        <datafield tag="024" ind1="7" ind2=" ">
            <subfield code="5">Os</subfield>
            <subfield code="a">1017099</subfield>
            <subfield code="2">Distributör: Elib</subfield>
        </datafield>
        <datafield tag="500" ind1=" " ind2=" ">
            <subfield code="5">Os</subfield>
            <subfield code="a">Online epub (0.38 MB)</subfield>
        </datafield>
        <datafield tag="500" ind1=" " ind2=" ">
            <subfield code="5">Os</subfield>
            <subfield code="a">Offline epub med Adobe-kryptering (0.38 MB)</subfield>
        </datafield>
        <datafield tag="856" ind1="4" ind2="2">
            <subfield code="5">Os</subfield>
            <subfield code="u"> https://samplefiles.elib.se/epub/1017099/1017099_201511101000.epub </subfield>
            <subfield code="x">origin:Elib</subfield>
            <subfield code="z">Provläs</subfield>
        </datafield>
        <datafield tag="887" ind1=" " ind2=" ">
            <subfield code="5">Os</subfield>
            <subfield code="a">
                {"@id":"q0kvcsfhnbdl02dm","modified":"2019-02-21T11:45:39.476+01:00","checksum":"36845849603"} </subfield>
            <subfield code="2">librisxl</subfield>
        </datafield>
        <datafield tag="841" ind1=" " ind2=" ">
            <subfield code="5">Skkf</subfield>
            <subfield code="a">x a</subfield>
            <subfield code="b">171121||0000|||||000||||||000000</subfield>
            <subfield code="e">1</subfield>
        </datafield>
        <datafield tag="024" ind1="7" ind2=" ">
            <subfield code="5">Skkf</subfield>
            <subfield code="a">1017099</subfield>
            <subfield code="2">Distributör: Elib</subfield>
        </datafield>
        <datafield tag="500" ind1=" " ind2=" ">
            <subfield code="5">Skkf</subfield>
            <subfield code="a">Online epub (0.38 MB)</subfield>
        </datafield>
        <datafield tag="500" ind1=" " ind2=" ">
            <subfield code="5">Skkf</subfield>
            <subfield code="a">Offline epub med Adobe-kryptering (0.38 MB)</subfield>
        </datafield>
        <datafield tag="856" ind1="4" ind2="2">
            <subfield code="5">Skkf</subfield>
            <subfield code="u">https://kulturivast.elib.se/Books/Details/1017099</subfield>
            <subfield code="x">origin:Elib</subfield>
            <subfield code="z">Låna från ditt bibliotek. Lånekort krävs.</subfield>
        </datafield>
        <datafield tag="856" ind1="4" ind2="2">
            <subfield code="5">Skkf</subfield>
            <subfield code="u"> https://samplefiles.elib.se/epub/1017099/1017099_201511101000.epub </subfield>
            <subfield code="x">origin:Elib</subfield>
            <subfield code="z">Provläs</subfield>
        </datafield>
        <datafield tag="887" ind1=" " ind2=" ">
            <subfield code="5">Skkf</subfield>
            <subfield code="a">
                {"@id":"tz6k65j052kx174","modified":"2018-04-27T08:53:59+02:00","checksum":"55324587661"} </subfield>
            <subfield code="2">librisxl</subfield>
        </datafield>
        <datafield tag="841" ind1=" " ind2=" ">
            <subfield code="5">Soll</subfield>
            <subfield code="a">x a</subfield>
            <subfield code="b">190108||0000|||||000||||||000000</subfield>
            <subfield code="e">1</subfield>
        </datafield>
        <datafield tag="024" ind1="7" ind2=" ">
            <subfield code="5">Soll</subfield>
            <subfield code="a">1017099</subfield>
            <subfield code="2">Distributör: Elib</subfield>
        </datafield>
        <datafield tag="500" ind1=" " ind2=" ">
            <subfield code="5">Soll</subfield>
            <subfield code="a">Online epub (0.38 MB)</subfield>
        </datafield>
        <datafield tag="500" ind1=" " ind2=" ">
            <subfield code="5">Soll</subfield>
            <subfield code="a">Offline epub med Adobe-kryptering (0.38 MB)</subfield>
        </datafield>
        <datafield tag="856" ind1="4" ind2="2">
            <subfield code="5">Soll</subfield>
            <subfield code="u"> https://samplefiles.elib.se/epub/1017099/1017099_201511101000.epub </subfield>
            <subfield code="x">origin:Elib</subfield>
            <subfield code="z">Provläs</subfield>
        </datafield>
        <datafield tag="887" ind1=" " ind2=" ">
            <subfield code="5">Soll</subfield>
            <subfield code="a">
                {"@id":"s2gqd4ftqh6p98l2","modified":"2019-01-08T14:35:43.018+01:00","checksum":"45842166503"} </subfield>
            <subfield code="2">librisxl</subfield>
        </datafield>
        <datafield tag="841" ind1=" " ind2=" ">
            <subfield code="5">SsbE</subfield>
            <subfield code="a">x a</subfield>
            <subfield code="b">181213||0000|||||000||||||000000</subfield>
            <subfield code="e">1</subfield>
        </datafield>
        <datafield tag="024" ind1="7" ind2=" ">
            <subfield code="5">SsbE</subfield>
            <subfield code="a">1017099</subfield>
            <subfield code="2">Distributör: Elib</subfield>
        </datafield>
        <datafield tag="500" ind1=" " ind2=" ">
            <subfield code="5">SsbE</subfield>
            <subfield code="a">Online epub (0.38 MB)</subfield>
        </datafield>
        <datafield tag="500" ind1=" " ind2=" ">
            <subfield code="5">SsbE</subfield>
            <subfield code="a">Offline epub med Adobe-kryptering (0.38 MB)</subfield>
        </datafield>
        <datafield tag="856" ind1="4" ind2="2">
            <subfield code="5">SsbE</subfield>
            <subfield code="u"> https://samplefiles.elib.se/epub/1017099/1017099_201511101000.epub </subfield>
            <subfield code="x">origin:Elib</subfield>
            <subfield code="z">Provläs</subfield>
        </datafield>
        <datafield tag="887" ind1=" " ind2=" ">
            <subfield code="5">SsbE</subfield>
            <subfield code="a">
                {"@id":"08jv5lbmxdb33dh8","modified":"2018-12-13T14:43:41.467+01:00","checksum":"41903166644"} </subfield>
            <subfield code="2">librisxl</subfield>
        </datafield>
        <datafield tag="841" ind1=" " ind2=" ">
            <subfield code="5">Tanu</subfield>
            <subfield code="a">x a</subfield>
            <subfield code="b">171121||0000|||||000||||||000000</subfield>
            <subfield code="e">1</subfield>
        </datafield>
        <datafield tag="024" ind1="7" ind2=" ">
            <subfield code="5">Tanu</subfield>
            <subfield code="a">1017099</subfield>
            <subfield code="2">Distributör: Elib</subfield>
        </datafield>
        <datafield tag="500" ind1=" " ind2=" ">
            <subfield code="5">Tanu</subfield>
            <subfield code="a">Online epub (0.38 MB)</subfield>
        </datafield>
        <datafield tag="500" ind1=" " ind2=" ">
            <subfield code="5">Tanu</subfield>
            <subfield code="a">Offline epub med Adobe-kryptering (0.38 MB)</subfield>
        </datafield>
        <datafield tag="856" ind1="4" ind2="2">
            <subfield code="5">Tanu</subfield>
            <subfield code="u">https://kulturivast.elib.se/Books/Details/1017099</subfield>
            <subfield code="x">origin:Elib</subfield>
            <subfield code="z">Låna från ditt bibliotek. Lånekort krävs.</subfield>
        </datafield>
        <datafield tag="856" ind1="4" ind2="2">
            <subfield code="5">Tanu</subfield>
            <subfield code="u"> https://samplefiles.elib.se/epub/1017099/1017099_201511101000.epub </subfield>
            <subfield code="x">origin:Elib</subfield>
            <subfield code="z">Provläs</subfield>
        </datafield>
        <datafield tag="887" ind1=" " ind2=" ">
            <subfield code="5">Tanu</subfield>
            <subfield code="a">
                {"@id":"rw4h43fx1x5hv87","modified":"2018-04-27T08:53:58+02:00","checksum":"57332426937"} </subfield>
            <subfield code="2">librisxl</subfield>
        </datafield>
        <datafield tag="841" ind1=" " ind2=" ">
            <subfield code="5">Tkb</subfield>
            <subfield code="a">x a</subfield>
            <subfield code="b">141201||0000|||||000||||||000000</subfield>
            <subfield code="e">1</subfield>
        </datafield>
        <datafield tag="024" ind1="7" ind2=" ">
            <subfield code="5">Tkb</subfield>
            <subfield code="a">1017099</subfield>
            <subfield code="2">Distributör: Elib</subfield>
        </datafield>
        <datafield tag="500" ind1=" " ind2=" ">
            <subfield code="5">Tkb</subfield>
            <subfield code="a">Online epub (0.38 MB)</subfield>
        </datafield>
        <datafield tag="500" ind1=" " ind2=" ">
            <subfield code="5">Tkb</subfield>
            <subfield code="a">Offline epub med Adobe-kryptering (0.38 MB)</subfield>
        </datafield>
        <datafield tag="856" ind1="4" ind2="2">
            <subfield code="5">Tkb</subfield>
            <subfield code="u"> https://samplefiles.elib.se/epub/1017099/1017099_201511101000.epub </subfield>
            <subfield code="x">origin:Elib</subfield>
            <subfield code="z">Provläs</subfield>
        </datafield>
        <datafield tag="887" ind1=" " ind2=" ">
            <subfield code="5">Tkb</subfield>
            <subfield code="a">
                {"@id":"w17znw423h160t7","modified":"2016-03-24T21:28:22+01:00","checksum":"54119962113"} </subfield>
            <subfield code="2">librisxl</subfield>
        </datafield>
        <datafield tag="841" ind1=" " ind2=" ">
            <subfield code="5">Trel</subfield>
            <subfield code="a">x a</subfield>
            <subfield code="b">180108||0000|||||000||||||000000</subfield>
            <subfield code="e">1</subfield>
        </datafield>
        <datafield tag="024" ind1="7" ind2=" ">
            <subfield code="5">Trel</subfield>
            <subfield code="a">1017099</subfield>
            <subfield code="2">Distributör: Elib</subfield>
        </datafield>
        <datafield tag="500" ind1=" " ind2=" ">
            <subfield code="5">Trel</subfield>
            <subfield code="a">Online epub (0.38 MB)</subfield>
        </datafield>
        <datafield tag="500" ind1=" " ind2=" ">
            <subfield code="5">Trel</subfield>
            <subfield code="a">Offline epub med Adobe-kryptering (0.38 MB)</subfield>
        </datafield>
        <datafield tag="856" ind1="4" ind2="2">
            <subfield code="5">Trel</subfield>
            <subfield code="u"> https://samplefiles.elib.se/epub/1017099/1017099_201511101000.epub </subfield>
            <subfield code="x">origin:Elib</subfield>
            <subfield code="z">Provläs</subfield>
        </datafield>
        <datafield tag="887" ind1=" " ind2=" ">
            <subfield code="5">Trel</subfield>
            <subfield code="a">
                {"@id":"djr5ztmk50gc92h","modified":"2018-04-27T08:54:02+02:00","checksum":"47862565024"} </subfield>
            <subfield code="2">librisxl</subfield>
        </datafield>
        <datafield tag="841" ind1=" " ind2=" ">
            <subfield code="5">Udd</subfield>
            <subfield code="a">x a</subfield>
            <subfield code="b">150202||0000|||||000||||||000000</subfield>
            <subfield code="e">1</subfield>
        </datafield>
        <datafield tag="024" ind1="7" ind2=" ">
            <subfield code="5">Udd</subfield>
            <subfield code="a">1017099</subfield>
            <subfield code="2">Distributör: Elib</subfield>
        </datafield>
        <datafield tag="500" ind1=" " ind2=" ">
            <subfield code="5">Udd</subfield>
            <subfield code="a">Online epub (0.38 MB)</subfield>
        </datafield>
        <datafield tag="500" ind1=" " ind2=" ">
            <subfield code="5">Udd</subfield>
            <subfield code="a">Offline epub med Adobe-kryptering (0.38 MB)</subfield>
        </datafield>
        <datafield tag="856" ind1="4" ind2="2">
            <subfield code="5">Udd</subfield>
            <subfield code="u"> https://samplefiles.elib.se/epub/1017099/1017099_201511101000.epub </subfield>
            <subfield code="x">origin:Elib</subfield>
            <subfield code="z">Provläs</subfield>
        </datafield>
        <datafield tag="887" ind1=" " ind2=" ">
            <subfield code="5">Udd</subfield>
            <subfield code="a">
                {"@id":"9fmdcslg2wj4w4z","modified":"2016-03-24T21:28:42+01:00","checksum":"44609116534"} </subfield>
            <subfield code="2">librisxl</subfield>
        </datafield>
        <datafield tag="841" ind1=" " ind2=" ">
            <subfield code="5">Um</subfield>
            <subfield code="a">x a</subfield>
            <subfield code="b">150114||0000|||||000||||||000000</subfield>
            <subfield code="e">1</subfield>
        </datafield>
        <datafield tag="024" ind1="7" ind2=" ">
            <subfield code="5">Um</subfield>
            <subfield code="a">1017099</subfield>
            <subfield code="2">Distributör: Elib</subfield>
        </datafield>
        <datafield tag="500" ind1=" " ind2=" ">
            <subfield code="5">Um</subfield>
            <subfield code="a">Online epub (0.38 MB)</subfield>
        </datafield>
        <datafield tag="500" ind1=" " ind2=" ">
            <subfield code="5">Um</subfield>
            <subfield code="a">Offline epub med Adobe-kryptering (0.38 MB)</subfield>
        </datafield>
        <datafield tag="856" ind1="4" ind2="2">
            <subfield code="5">Um</subfield>
            <subfield code="u"> https://samplefiles.elib.se/epub/1017099/1017099_201511101000.epub </subfield>
            <subfield code="x">origin:Elib</subfield>
            <subfield code="z">Provläs</subfield>
        </datafield>
        <datafield tag="887" ind1=" " ind2=" ">
            <subfield code="5">Um</subfield>
            <subfield code="a">
                {"@id":"48g7qqd94lwqn79","modified":"2016-03-24T21:28:14+01:00","checksum":"45817077344"} </subfield>
            <subfield code="2">librisxl</subfield>
        </datafield>
        <datafield tag="841" ind1=" " ind2=" ">
            <subfield code="5">Vlib</subfield>
            <subfield code="a">x a</subfield>
            <subfield code="b">150130||0000|||||000||||||000000</subfield>
            <subfield code="e">1</subfield>
        </datafield>
        <datafield tag="024" ind1="7" ind2=" ">
            <subfield code="5">Vlib</subfield>
            <subfield code="a">1017099</subfield>
            <subfield code="2">Distributör: Elib</subfield>
        </datafield>
        <datafield tag="500" ind1=" " ind2=" ">
            <subfield code="5">Vlib</subfield>
            <subfield code="a">Online epub (0.38 MB)</subfield>
        </datafield>
        <datafield tag="500" ind1=" " ind2=" ">
            <subfield code="5">Vlib</subfield>
            <subfield code="a">Offline epub med Adobe-kryptering (0.38 MB)</subfield>
        </datafield>
        <datafield tag="856" ind1="4" ind2="2">
            <subfield code="5">Vlib</subfield>
            <subfield code="u"> https://samplefiles.elib.se/epub/1017099/1017099_201511101000.epub </subfield>
            <subfield code="x">origin:Elib</subfield>
            <subfield code="z">Provläs</subfield>
        </datafield>
        <datafield tag="887" ind1=" " ind2=" ">
            <subfield code="5">Vlib</subfield>
            <subfield code="a">
                {"@id":"26d52gs753gnk17","modified":"2016-03-24T21:28:37+01:00","checksum":"49588741043"} </subfield>
            <subfield code="2">librisxl</subfield>
        </datafield>
    </record>