
    <record>
        <leader>04567nam a22010697a 4500</leader>
        <controlfield tag="001">14968992</controlfield>
        <controlfield tag="003">SE-LIBR</controlfield>
        <controlfield tag="005">20140114161306.0</controlfield>
        <controlfield tag="008">140114s2013 no |||| |00| 1|nor c</controlfield>
        <datafield tag="020" ind1=" " ind2=" ">
            <subfield code="a">978-82-02-42137-3</subfield>
        </datafield>
        <datafield tag="020" ind1=" " ind2=" ">
            <subfield code="a">978-82-525-8213-0</subfield>
            <subfield code="q">Bokklubben</subfield>
        </datafield>
        <datafield tag="040" ind1=" " ind2=" ">
            <subfield code="a">Kld1</subfield>
        </datafield>
        <datafield tag="082" ind1="0" ind2="4">
            <subfield code="a"/>
            <subfield code="2">23/swe</subfield>
        </datafield>
        <datafield tag="084" ind1=" " ind2=" ">
            <subfield code="a">Hdb.01</subfield>
            <subfield code="2">kssb/8</subfield>
        </datafield>
        <datafield tag="100" ind1="1" ind2=" ">
            <subfield code="a">Fossum, Karin</subfield>
            <subfield code="d">1954-</subfield>
            <subfield code="e">author</subfield>
            <subfield code="1">http://viaf.org/viaf/120627630</subfield>
            <subfield code="4">aut</subfield>
        </datafield>
        <datafield tag="240" ind1="1" ind2="0">
          <subfield code="a">Carmen Zita og døden</subfield>
          <subfield code="l">Norsk</subfield>
          <subfield code="1">http://viaf.org/viaf/4264151051990833530003</subfield>
        </datafield>
        <datafield tag="245" ind1="1" ind2="0">
            <subfield code="a">Carmen Zita og døden</subfield>
            <subfield code="b">kriminalroman</subfield>
            <subfield code="c">Karin Fossum</subfield>
        </datafield>
        <datafield tag="250" ind1=" " ind2=" ">
            <subfield code="a">1. oppl.</subfield>
        </datafield>
        <datafield tag="260" ind1=" " ind2=" ">
            <subfield code="a">Oslo</subfield>
            <subfield code="b">Cappelen Damm</subfield>
            <subfield code="c">2013</subfield>
        </datafield>
        <datafield tag="300" ind1=" " ind2=" ">
            <subfield code="a">216 s.</subfield>
        </datafield>
        <datafield tag="336" ind1=" " ind2=" ">
          <subfield code="a">text</subfield>
          <subfield code="b">txt</subfield>
          <subfield code="2">rdacontent</subfield>
          <subfield code="0">http://rdaregistry.info/termList/RDAContentType/1020</subfield>
        </datafield>
        <datafield tag="337" ind1=" " ind2=" ">
          <subfield code="a">unmediated</subfield>
          <subfield code="b">n</subfield>
          <subfield code="2">rdamedia</subfield>
          <subfield code="0">http://www.rdaregistry.info/termList/RDAMediaType/1007</subfield>
        </datafield>
        <datafield tag="338" ind1=" " ind2=" ">
          <subfield code="a">volume</subfield>
          <subfield code="b">nc</subfield>
          <subfield code="2">rdacarrier</subfield>
          <subfield code="0">http://rdaregistry.info/termList/RDACarrierType/1049</subfield>
        </datafield>
        <datafield tag="380" ind1=" " ind2=" ">
            <subfield code="a">novel</subfield>
            <subfield code="2">marcgt</subfield>
        </datafield>
        <datafield tag="655" ind1=" " ind2="7">
            <subfield code="a">Skönlitteratur</subfield>
            <subfield code="2">saogf</subfield>
            <subfield code="0">353512</subfield>
        </datafield>
        <datafield tag="655" ind1=" " ind2="7">
            <subfield code="a">Deckare</subfield>
            <subfield code="2">saogf</subfield>
            <subfield code="0">243976</subfield>
            <subfield code="0">350793</subfield>
        </datafield>
        <datafield tag="950" ind1=" " ind2="s">
            <subfield code="6">655</subfield>
            <subfield code="a">Fiktionslitteratur</subfield>
            <subfield code="u">Skönlitteratur</subfield>
        </datafield>
        <datafield tag="950" ind1=" " ind2="k">
            <subfield code="6">655</subfield>
            <subfield code="w">h</subfield>
            <subfield code="a">Skönlitteratur som historiska källor</subfield>
            <subfield code="u">Skönlitteratur</subfield>
        </datafield>
        <datafield tag="955" ind1=" " ind2="s">
            <subfield code="6">655</subfield>
            <subfield code="a">Detektivromaner</subfield>
            <subfield code="u">Deckare</subfield>
        </datafield>
        <datafield tag="955" ind1=" " ind2="s">
            <subfield code="6">655</subfield>
            <subfield code="w">||e</subfield>
            <subfield code="a">Historiska deckare</subfield>
            <subfield code="u">Deckare</subfield>
        </datafield>
        <datafield tag="955" ind1=" " ind2="s">
            <subfield code="6">655</subfield>
            <subfield code="w">||e</subfield>
            <subfield code="a">Hårdkokta deckare</subfield>
            <subfield code="u">Deckare</subfield>
        </datafield>
        <datafield tag="955" ind1=" " ind2="s">
            <subfield code="6">655</subfield>
            <subfield code="a">Kriminalromaner</subfield>
            <subfield code="u">Deckare</subfield>
        </datafield>
        <datafield tag="955" ind1=" " ind2="s">
            <subfield code="6">655</subfield>
            <subfield code="w">||e</subfield>
            <subfield code="a">Polisromaner</subfield>
            <subfield code="u">Deckare</subfield>
        </datafield>
        <datafield tag="955" ind1=" " ind2="s">
            <subfield code="6">655</subfield>
            <subfield code="w">||e</subfield>
            <subfield code="a">Psykologiska deckare</subfield>
            <subfield code="u">Deckare</subfield>
        </datafield>
        <datafield tag="955" ind1=" " ind2="s">
            <subfield code="6">655</subfield>
            <subfield code="w">||e</subfield>
            <subfield code="a">Pusseldeckare</subfield>
            <subfield code="u">Deckare</subfield>
        </datafield>
        <datafield tag="955" ind1=" " ind2="k">
            <subfield code="6">655</subfield>
            <subfield code="w">g</subfield>
            <subfield code="a">Skönlitteratur</subfield>
            <subfield code="u">Deckare</subfield>
        </datafield>
        <datafield tag="955" ind1=" " ind2="k">
            <subfield code="6">655</subfield>
            <subfield code="w">h</subfield>
            <subfield code="a">Allegorier</subfield>
            <subfield code="u">Skönlitteratur</subfield>
        </datafield>
        <datafield tag="955" ind1=" " ind2="k">
            <subfield code="6">655</subfield>
            <subfield code="w">h</subfield>
            <subfield code="a">Arbetarskildringar</subfield>
            <subfield code="u">Skönlitteratur</subfield>
        </datafield>
        <datafield tag="955" ind1=" " ind2="k">
            <subfield code="6">655</subfield>
            <subfield code="w">h</subfield>
            <subfield code="a">Barndomsskildringar</subfield>
            <subfield code="u">Skönlitteratur</subfield>
        </datafield>
        <datafield tag="955" ind1=" " ind2="k">
            <subfield code="6">655</subfield>
            <subfield code="w">h</subfield>
            <subfield code="a">Biografiska skildringar</subfield>
            <subfield code="u">Skönlitteratur</subfield>
        </datafield>
        <datafield tag="955" ind1=" " ind2="k">
            <subfield code="6">655</subfield>
            <subfield code="w">h</subfield>
            <subfield code="a">Chick lit</subfield>
            <subfield code="u">Skönlitteratur</subfield>
        </datafield>
        <datafield tag="955" ind1=" " ind2="k">
            <subfield code="6">655</subfield>
            <subfield code="w">h</subfield>
            <subfield code="a">Deckare</subfield>
            <subfield code="u">Skönlitteratur</subfield>
        </datafield>
        <datafield tag="955" ind1=" " ind2="k">
            <subfield code="6">655</subfield>
            <subfield code="w">h</subfield>
            <subfield code="a">Dialektlitteratur</subfield>
            <subfield code="u">Skönlitteratur</subfield>
        </datafield>
        <datafield tag="955" ind1=" " ind2="k">
            <subfield code="6">655</subfield>
            <subfield code="w">h</subfield>
            <subfield code="a">Djurskildringar</subfield>
            <subfield code="u">Skönlitteratur</subfield>
        </datafield>
        <datafield tag="955" ind1=" " ind2="k">
            <subfield code="6">655</subfield>
            <subfield code="w">h</subfield>
            <subfield code="a">Dokumentära skildringar</subfield>
            <subfield code="u">Skönlitteratur</subfield>
        </datafield>
        <datafield tag="955" ind1=" " ind2="k">
            <subfield code="6">655</subfield>
            <subfield code="w">h</subfield>
            <subfield code="a">Dramatik</subfield>
            <subfield code="u">Skönlitteratur</subfield>
        </datafield>
        <datafield tag="955" ind1=" " ind2="k">
            <subfield code="6">655</subfield>
            <subfield code="w">h</subfield>
            <subfield code="a">Episka skildringar</subfield>
            <subfield code="u">Skönlitteratur</subfield>
        </datafield>
        <datafield tag="955" ind1=" " ind2="k">
            <subfield code="6">655</subfield>
            <subfield code="w">h</subfield>
            <subfield code="a">Erotiska skildringar</subfield>
            <subfield code="u">Skönlitteratur</subfield>
        </datafield>
        <datafield tag="955" ind1=" " ind2="k">
            <subfield code="6">655</subfield>
            <subfield code="w">h</subfield>
            <subfield code="a">Essäer</subfield>
            <subfield code="u">Skönlitteratur</subfield>
        </datafield>
        <datafield tag="955" ind1=" " ind2="k">
            <subfield code="6">655</subfield>
            <subfield code="w">h</subfield>
            <subfield code="a">Experimentell skönlitteratur</subfield>
            <subfield code="u">Skönlitteratur</subfield>
        </datafield>
        <datafield tag="955" ind1=" " ind2="k">
            <subfield code="6">655</subfield>
            <subfield code="w">h</subfield>
            <subfield code="a">Fabler</subfield>
            <subfield code="u">Skönlitteratur</subfield>
        </datafield>
        <datafield tag="955" ind1=" " ind2="k">
            <subfield code="6">655</subfield>
            <subfield code="w">h</subfield>
            <subfield code="a">Familjeskildringar</subfield>
            <subfield code="u">Skönlitteratur</subfield>
        </datafield>
        <datafield tag="955" ind1=" " ind2="k">
            <subfield code="6">655</subfield>
            <subfield code="w">h</subfield>
            <subfield code="a">Fanfiction</subfield>
            <subfield code="u">Skönlitteratur</subfield>
        </datafield>
        <datafield tag="955" ind1=" " ind2="k">
            <subfield code="6">655</subfield>
            <subfield code="w">h</subfield>
            <subfield code="a">Fantasy</subfield>
            <subfield code="u">Skönlitteratur</subfield>
        </datafield>
        <datafield tag="955" ind1=" " ind2="k">
            <subfield code="6">655</subfield>
            <subfield code="w">h</subfield>
            <subfield code="a">Feelgood</subfield>
            <subfield code="u">Skönlitteratur</subfield>
        </datafield>
        <datafield tag="955" ind1=" " ind2="k">
            <subfield code="6">655</subfield>
            <subfield code="w">h</subfield>
            <subfield code="a">Folkdiktning</subfield>
            <subfield code="u">Skönlitteratur</subfield>
        </datafield>
        <datafield tag="955" ind1=" " ind2="k">
            <subfield code="6">655</subfield>
            <subfield code="w">h</subfield>
            <subfield code="a">Framtidsskildringar</subfield>
            <subfield code="u">Skönlitteratur</subfield>
        </datafield>
        <datafield tag="955" ind1=" " ind2="k">
            <subfield code="6">655</subfield>
            <subfield code="w">h</subfield>
            <subfield code="a">Följetonger</subfield>
            <subfield code="u">Skönlitteratur</subfield>
        </datafield>
        <datafield tag="955" ind1=" " ind2="k">
            <subfield code="6">655</subfield>
            <subfield code="w">h</subfield>
            <subfield code="a">Herdediktning</subfield>
            <subfield code="u">Skönlitteratur</subfield>
        </datafield>
        <datafield tag="955" ind1=" " ind2="k">
            <subfield code="6">655</subfield>
            <subfield code="w">h</subfield>
            <subfield code="a">Historiska skildringar</subfield>
            <subfield code="u">Skönlitteratur</subfield>
        </datafield>
        <datafield tag="955" ind1=" " ind2="k">
            <subfield code="6">655</subfield>
            <subfield code="w">h</subfield>
            <subfield code="a">Humor</subfield>
            <subfield code="u">Skönlitteratur</subfield>
        </datafield>
        <datafield tag="955" ind1=" " ind2="k">
            <subfield code="6">655</subfield>
            <subfield code="w">h</subfield>
            <subfield code="a">Kontrafaktisk historia</subfield>
            <subfield code="u">Skönlitteratur</subfield>
        </datafield>
        <datafield tag="955" ind1=" " ind2="k">
            <subfield code="6">655</subfield>
            <subfield code="w">h</subfield>
            <subfield code="a">Krigsskildringar</subfield>
            <subfield code="u">Skönlitteratur</subfield>
        </datafield>
        <datafield tag="955" ind1=" " ind2="k">
            <subfield code="6">655</subfield>
            <subfield code="w">h</subfield>
            <subfield code="a">Kärleksskildringar</subfield>
            <subfield code="u">Skönlitteratur</subfield>
        </datafield>
        <datafield tag="955" ind1=" " ind2="k">
            <subfield code="6">655</subfield>
            <subfield code="w">h</subfield>
            <subfield code="a">Magisk realism</subfield>
            <subfield code="u">Skönlitteratur</subfield>
        </datafield>
        <datafield tag="955" ind1=" " ind2="k">
            <subfield code="6">655</subfield>
            <subfield code="w">h</subfield>
            <subfield code="a">Noveller</subfield>
            <subfield code="u">Skönlitteratur</subfield>
        </datafield>
        <datafield tag="955" ind1=" " ind2="k">
            <subfield code="6">655</subfield>
            <subfield code="w">h</subfield>
            <subfield code="a">Parafraser</subfield>
            <subfield code="u">Skönlitteratur</subfield>
        </datafield>
        <datafield tag="955" ind1=" " ind2="k">
            <subfield code="6">655</subfield>
            <subfield code="w">h</subfield>
            <subfield code="a">Parodier</subfield>
            <subfield code="u">Skönlitteratur</subfield>
        </datafield>
        <datafield tag="955" ind1=" " ind2="k">
            <subfield code="6">655</subfield>
            <subfield code="w">h</subfield>
            <subfield code="a">Pastischer</subfield>
            <subfield code="u">Skönlitteratur</subfield>
        </datafield>
        <datafield tag="955" ind1=" " ind2="k">
            <subfield code="6">655</subfield>
            <subfield code="w">h</subfield>
            <subfield code="a">Psykologiska skildringar</subfield>
            <subfield code="u">Skönlitteratur</subfield>
        </datafield>
        <datafield tag="955" ind1=" " ind2="k">
            <subfield code="6">655</subfield>
            <subfield code="w">h</subfield>
            <subfield code="a">Poesi</subfield>
            <subfield code="u">Skönlitteratur</subfield>
        </datafield>
        <datafield tag="955" ind1=" " ind2="k">
            <subfield code="6">655</subfield>
            <subfield code="w">h</subfield>
            <subfield code="a">Politiska skildringar</subfield>
            <subfield code="u">Skönlitteratur</subfield>
        </datafield>
        <datafield tag="955" ind1=" " ind2="k">
            <subfield code="6">655</subfield>
            <subfield code="w">h</subfield>
            <subfield code="a">Ramberättelser</subfield>
            <subfield code="u">Skönlitteratur</subfield>
        </datafield>
        <datafield tag="955" ind1=" " ind2="k">
            <subfield code="6">655</subfield>
            <subfield code="w">h</subfield>
            <subfield code="a">Relationsskildringar</subfield>
            <subfield code="u">Skönlitteratur</subfield>
        </datafield>
        <datafield tag="955" ind1=" " ind2="k">
            <subfield code="6">655</subfield>
            <subfield code="w">h</subfield>
            <subfield code="a">Religiösa skildringar</subfield>
            <subfield code="u">Skönlitteratur</subfield>
        </datafield>
        <datafield tag="955" ind1=" " ind2="k">
            <subfield code="6">655</subfield>
            <subfield code="w">h</subfield>
            <subfield code="a">Riddardiktning</subfield>
            <subfield code="u">Skönlitteratur</subfield>
        </datafield>
        <datafield tag="955" ind1=" " ind2="k">
            <subfield code="6">655</subfield>
            <subfield code="w">h</subfield>
            <subfield code="a">Robinsonader</subfield>
            <subfield code="u">Skönlitteratur</subfield>
        </datafield>
        <datafield tag="955" ind1=" " ind2="k">
            <subfield code="6">655</subfield>
            <subfield code="w">h</subfield>
            <subfield code="a">Romaner</subfield>
            <subfield code="u">Skönlitteratur</subfield>
        </datafield>
        <datafield tag="955" ind1=" " ind2="k">
            <subfield code="6">655</subfield>
            <subfield code="w">h</subfield>
            <subfield code="a">Sagalitteratur</subfield>
            <subfield code="u">Skönlitteratur</subfield>
        </datafield>
        <datafield tag="955" ind1=" " ind2="k">
            <subfield code="6">655</subfield>
            <subfield code="w">h</subfield>
            <subfield code="a">Sagor</subfield>
            <subfield code="u">Skönlitteratur</subfield>
        </datafield>
        <datafield tag="955" ind1=" " ind2="k">
            <subfield code="6">655</subfield>
            <subfield code="w">h</subfield>
            <subfield code="a">Samhällskritiska skildringar</subfield>
            <subfield code="u">Skönlitteratur</subfield>
        </datafield>
        <datafield tag="955" ind1=" " ind2="k">
            <subfield code="6">655</subfield>
            <subfield code="w">h</subfield>
            <subfield code="a">Samhällsskildringar</subfield>
            <subfield code="u">Skönlitteratur</subfield>
        </datafield>
        <datafield tag="955" ind1=" " ind2="k">
            <subfield code="6">655</subfield>
            <subfield code="w">h</subfield>
            <subfield code="a">Satir</subfield>
            <subfield code="u">Skönlitteratur</subfield>
        </datafield>
        <datafield tag="955" ind1=" " ind2="k">
            <subfield code="6">655</subfield>
            <subfield code="w">h</subfield>
            <subfield code="a">Science fiction</subfield>
            <subfield code="u">Skönlitteratur</subfield>
        </datafield>
        <datafield tag="955" ind1=" " ind2="k">
            <subfield code="6">655</subfield>
            <subfield code="w">h</subfield>
            <subfield code="a">Sedeskildringar</subfield>
            <subfield code="u">Skönlitteratur</subfield>
        </datafield>
        <datafield tag="955" ind1=" " ind2="k">
            <subfield code="6">655</subfield>
            <subfield code="w">h</subfield>
            <subfield code="a">Sjukdomsskildringar</subfield>
            <subfield code="u">Skönlitteratur</subfield>
        </datafield>
        <datafield tag="955" ind1=" " ind2="k">
            <subfield code="6">655</subfield>
            <subfield code="w">h</subfield>
            <subfield code="a">Sjöberättelser</subfield>
            <subfield code="u">Skönlitteratur</subfield>
        </datafield>
        <datafield tag="955" ind1=" " ind2="k">
            <subfield code="6">655</subfield>
            <subfield code="w">h</subfield>
            <subfield code="a">Skräck</subfield>
            <subfield code="u">Skönlitteratur</subfield>
        </datafield>
        <datafield tag="955" ind1=" " ind2="k">
            <subfield code="6">655</subfield>
            <subfield code="w">h</subfield>
            <subfield code="a">Släktskildringar</subfield>
            <subfield code="u">Skönlitteratur</subfield>
        </datafield>
        <datafield tag="955" ind1=" " ind2="k">
            <subfield code="6">655</subfield>
            <subfield code="w">h</subfield>
            <subfield code="a">Tecknade serier</subfield>
            <subfield code="u">Skönlitteratur</subfield>
        </datafield>
        <datafield tag="955" ind1=" " ind2="k">
            <subfield code="6">655</subfield>
            <subfield code="w">h</subfield>
            <subfield code="a">Thrillers</subfield>
            <subfield code="u">Skönlitteratur</subfield>
        </datafield>
        <datafield tag="955" ind1=" " ind2="k">
            <subfield code="6">655</subfield>
            <subfield code="w">h</subfield>
            <subfield code="a">Utopier</subfield>
            <subfield code="u">Skönlitteratur</subfield>
        </datafield>
        <datafield tag="955" ind1=" " ind2="k">
            <subfield code="6">655</subfield>
            <subfield code="w">h</subfield>
            <subfield code="a">Versberättelser</subfield>
            <subfield code="u">Skönlitteratur</subfield>
        </datafield>
        <datafield tag="955" ind1=" " ind2="k">
            <subfield code="6">655</subfield>
            <subfield code="w">h</subfield>
            <subfield code="a">Västernskildringar</subfield>
            <subfield code="u">Skönlitteratur</subfield>
        </datafield>
        <datafield tag="955" ind1=" " ind2="k">
            <subfield code="6">655</subfield>
            <subfield code="w">h</subfield>
            <subfield code="a">Äventyrsskildringar</subfield>
            <subfield code="u">Skönlitteratur</subfield>
        </datafield>
        <datafield tag="841" ind1=" " ind2=" ">
            <subfield code="5">Kld1</subfield>
            <subfield code="a">x a</subfield>
            <subfield code="b">1401144u 8 1001uu 0901128</subfield>
            <subfield code="e">4</subfield>
        </datafield>
    </record>