
    <record>
        <leader>01262nim a22003978i 4500</leader>
        <controlfield tag="001">22303213</controlfield>
        <controlfield tag="003">SE-LIBR</controlfield>
        <controlfield tag="005">20180118081607.0</controlfield>
        <controlfield tag="007">su|||||||||||</controlfield>
        <controlfield tag="007">cr|||||||||||||</controlfield>
        <controlfield tag="008">180118s2014 sw |||| o|||||||| f swe d</controlfield>
        <datafield tag="020" ind1=" " ind2=" ">
            <subfield code="a">978-91-7348-750-4</subfield>
            <subfield code="q">MP3 format</subfield>
        </datafield>
        <datafield tag="035" ind1=" " ind2=" ">
            <subfield code="a">(BOKR)9789173487504</subfield>
        </datafield>
        <datafield tag="040" ind1=" " ind2=" ">
            <subfield code="a">BOKR</subfield>
        </datafield>
        <datafield tag="100" ind1="1" ind2=" ">
            <subfield code="a">Fossum, Karin</subfield>
            <subfield code="d">1954-</subfield>
            <subfield code="e">author</subfield>
            <subfield code="1">http://viaf.org/viaf/120627630</subfield>
            <subfield code="4">aut</subfield>
        </datafield>
        <datafield tag="240" ind1="1" ind2="0">
            <subfield code="a">Carmen Zita og døden</subfield>
            <subfield code="l">Svenska</subfield>
            <subfield code="1">http://viaf.org/viaf/4264151051990833530003</subfield>
        </datafield>
        <datafield tag="245" ind1="1" ind2="0">
            <subfield code="a">Carmen och döden</subfield>
            <subfield code="b">kriminalroman</subfield>
            <subfield code="c">Karin Fossum</subfield>
        </datafield>
        <datafield tag="263" ind1=" " ind2=" ">
            <subfield code="a">201401</subfield>
        </datafield>
        <datafield tag="264" ind1=" " ind2="1">
            <subfield code="b">Bonnier Audio,</subfield>
            <subfield code="c">2014</subfield>
        </datafield>
        <datafield tag="300" ind1=" " ind2=" ">
            <subfield code="a">7 tim.</subfield>
        </datafield>
        <datafield tag="336" ind1=" " ind2=" ">
            <subfield code="a">spoken word</subfield>
            <subfield code="b">spw</subfield>
            <subfield code="2">rdacontent</subfield>
            <subfield code="0">http://rdaregistry.info/termList/RDAContentType/1020</subfield>
        </datafield>
        <datafield tag="337" ind1=" " ind2=" ">
            <subfield code="a">computer file</subfield>
            <subfield code="b">c</subfield>
            <subfield code="2">rdamedia</subfield>
            <subfield code="0">http://www.rdaregistry.info/termList/RDAMediaType/1003</subfield>
        </datafield>
        <datafield tag="338" ind1=" " ind2=" ">
            <subfield code="a">online resource</subfield>
            <subfield code="b">cr</subfield>
            <subfield code="2">rdacarrier</subfield>
            <subfield code="0">http://rdaregistry.info/termList/RDACarrierType/1018</subfield>
        </datafield>
        <datafield tag="380" ind1=" " ind2=" ">
            <subfield code="a">novel</subfield>
            <subfield code="2">marcgt</subfield>
        </datafield>
        <datafield tag="490" ind1="0" ind2=" ">
            <subfield code="a">Konrad Sejer</subfield>
        </datafield>
        <datafield tag="599" ind1=" " ind2=" ">
            <subfield code="a"> Maskinellt genererad post. Ändra kod för fullständighetsnivå
                (leader/17), annars kommer manuellt gjorda ändringar att försvinna. </subfield>
        </datafield>
        <datafield tag="655" ind1=" " ind2="7">
            <subfield code="a">Ljudböcker</subfield>
            <subfield code="2">saogf</subfield>
            <subfield code="0">347758</subfield>
        </datafield>
        <datafield tag="700" ind1="1" ind2=" ">
            <subfield code="a">Järnebrand, Margareta</subfield>
            <subfield code="e">translator</subfield>
            <subfield code="4">trl</subfield>
        </datafield>
        <datafield tag="700" ind1="1" ind2=" ">
            <subfield code="a">Wahlund, Torsten</subfield>
            <subfield code="e">narrator</subfield>
            <subfield code="4">nrt</subfield>
        </datafield>
        <datafield tag="955" ind1=" " ind2="s">
            <subfield code="6">655</subfield>
            <subfield code="a">CD-böcker</subfield>
            <subfield code="u">Ljudböcker</subfield>
        </datafield>
        <datafield tag="955" ind1=" " ind2="s">
            <subfield code="6">655</subfield>
            <subfield code="a">E-ljudböcker</subfield>
            <subfield code="u">Ljudböcker</subfield>
        </datafield>
        <datafield tag="955" ind1=" " ind2="s">
            <subfield code="6">655</subfield>
            <subfield code="a">Hörböcker</subfield>
            <subfield code="u">Ljudböcker</subfield>
        </datafield>
        <datafield tag="955" ind1=" " ind2="s">
            <subfield code="6">655</subfield>
            <subfield code="a">Kassettböcker</subfield>
            <subfield code="u">Ljudböcker</subfield>
        </datafield>
        <datafield tag="955" ind1=" " ind2="s">
            <subfield code="6">655</subfield>
            <subfield code="a">MP3-böcker</subfield>
            <subfield code="u">Ljudböcker</subfield>
        </datafield>
        <datafield tag="955" ind1=" " ind2="k">
            <subfield code="6">655</subfield>
            <subfield code="a">Talböcker</subfield>
            <subfield code="u">Ljudböcker</subfield>
        </datafield>
        <datafield tag="841" ind1=" " ind2=" ">
            <subfield code="5">BOKR</subfield>
            <subfield code="a">x a</subfield>
            <subfield code="b">180118||0000|||||000||||||000000</subfield>
            <subfield code="e">1</subfield>
        </datafield>
    </record>