
    <record>
        <leader>13135cam a2202485 a 4500</leader>
        <controlfield tag="001">14744539</controlfield>
        <controlfield tag="003">SE-LIBR</controlfield>
        <controlfield tag="005">20160127083618.0</controlfield>
        <controlfield tag="008">131022s2013 sw |||||||||||000 f|swe| </controlfield>
        <datafield tag="020" ind1=" " ind2=" ">
            <subfield code="a">9789137139821</subfield>
        </datafield>
        <datafield tag="035" ind1=" " ind2=" ">
            <subfield code="a">(BOKR)9789137139821</subfield>
        </datafield>
        <datafield tag="040" ind1=" " ind2=" ">
            <subfield code="a">BOKR</subfield>
            <subfield code="d">S</subfield>
        </datafield>
        <datafield tag="041" ind1="1" ind2=" ">
            <subfield code="a">swe</subfield>
            <subfield code="h">nor</subfield>
        </datafield>
        <datafield tag="042" ind1=" " ind2=" ">
            <subfield code="9">NB</subfield>
        </datafield>
        <datafield tag="082" ind1="0" ind2="4">
            <subfield code="a">839.82374</subfield>
            <subfield code="2">23/swe</subfield>
        </datafield>
        <datafield tag="084" ind1=" " ind2=" ">
            <subfield code="a">Hcedb.01</subfield>
            <subfield code="2">kssb/8</subfield>
        </datafield>
        <datafield tag="100" ind1="1" ind2=" ">
            <subfield code="a">Fossum, Karin</subfield>
            <subfield code="d">1954-</subfield>
            <subfield code="e">author</subfield>
            <subfield code="1">http://viaf.org/viaf/120627630</subfield>
            <subfield code="4">aut</subfield>
        </datafield>
        <datafield tag="240" ind1="1" ind2="0">
            <subfield code="a">Carmen Zita og døden</subfield>
            <subfield code="l">Svenska</subfield>
            <subfield code="1">http://viaf.org/viaf/4264151051990833530003</subfield>
        </datafield>
        <datafield tag="245" ind1="1" ind2="0">
            <subfield code="a">Carmen och döden</subfield>
            <subfield code="b">kriminalroman</subfield>
            <subfield code="c">Karin Fossum ; översättning: Margareta Järnebrand</subfield>
        </datafield>
        <datafield tag="264" ind1=" " ind2="1">
            <subfield code="a">Stockholm</subfield>
            <subfield code="b">Forum</subfield>
            <subfield code="c">2013</subfield>
        </datafield>
        <datafield tag="264" ind1=" " ind2="3">
            <subfield code="a">Falun :</subfield>
            <subfield code="b">Scandbook</subfield>
        </datafield>
        <datafield tag="300" ind1=" " ind2=" ">
            <subfield code="a">203 s.</subfield>
            <subfield code="c">22 cm</subfield>
        </datafield>
        <datafield tag="336" ind1=" " ind2=" ">
          <subfield code="a">text</subfield>
          <subfield code="b">txt</subfield>
          <subfield code="2">rdacontent</subfield>
          <subfield code="0">http://rdaregistry.info/termList/RDAContentType/1020</subfield>
        </datafield>
        <datafield tag="337" ind1=" " ind2=" ">
          <subfield code="a">unmediated</subfield>
          <subfield code="b">n</subfield>
          <subfield code="2">rdamedia</subfield>
          <subfield code="0">http://www.rdaregistry.info/termList/RDAMediaType/1007</subfield>
        </datafield>
        <datafield tag="338" ind1=" " ind2=" ">
          <subfield code="a">volume</subfield>
          <subfield code="b">nc</subfield>
          <subfield code="2">rdacarrier</subfield>
          <subfield code="0">http://rdaregistry.info/termList/RDACarrierType/1049</subfield>
        </datafield>
        <datafield tag="340" ind1=" " ind2=" ">
            <subfield code="b">22 cm</subfield>
        </datafield>
        <datafield tag="380" ind1=" " ind2=" ">
            <subfield code="a">novel</subfield>
            <subfield code="2">marcgt</subfield>
        </datafield>
        <datafield tag="500" ind1=" " ind2=" ">
            <subfield code="a"> Serie/fortsättningsarbete: 1. Evas öga -- 2. Se dig inte om! -- 3.
                Den som fruktar vargen -- 4. När djävulen håller ljuset -- 5. Älskade Poona -- 6.
                Svarta sekunder -- 7. Mordet på Harriet Krohn -- 8. Den som älskar något annat -- 9.
                Den onda viljan -- 10. Döden skall du tåla -- 11. Carmen och döden -- 12.
                Helveteselden </subfield>
        </datafield>
        <datafield tag="500" ind1=" " ind2=" ">
            <subfield code="a">Första svenska upplaga 2013</subfield>
        </datafield>
        <datafield tag="500" ind1=" " ind2=" ">
            <subfield code="a">Undertitel från skyddsomslag</subfield>
        </datafield>
        <datafield tag="655" ind1=" " ind2="7">
            <subfield code="a">Deckare</subfield>
            <subfield code="0">https://id.kb.se/term/saogf/Deckare</subfield>
            <subfield code="2">saogf</subfield>
        </datafield>
        <datafield tag="655" ind1=" " ind2="7">
            <subfield code="a">Skönlitteratur</subfield>
            <subfield code="0">https://id.kb.se/term/saogf/Sk%C3%B6nlitteratur</subfield>
            <subfield code="2">saogf</subfield>
        </datafield>
        <datafield tag="700" ind1="1" ind2=" ">
            <subfield code="a">Järnebrand, Margareta</subfield>
            <subfield code="d">1947-</subfield>
            <subfield code="e">translator</subfield>
            <subfield code="4">trl</subfield>
        </datafield>
        <datafield tag="887" ind1=" " ind2=" ">
            <subfield code="a">
                {"@id":"9tmrhpfm1w44k2m","modified":"2016-01-27T08:36:18+01:00","checksum":"140015801876"} </subfield>
            <subfield code="2">librisxl</subfield>
        </datafield>
        <datafield tag="955" ind1=" " ind2="s">
            <subfield code="6">655</subfield>
            <subfield code="a">Detektivromaner</subfield>
            <subfield code="u">Deckare</subfield>
        </datafield>
        <datafield tag="955" ind1=" " ind2="s">
            <subfield code="6">655</subfield>
            <subfield code="w">||e</subfield>
            <subfield code="a">Historiska deckare</subfield>
            <subfield code="u">Deckare</subfield>
        </datafield>
        <datafield tag="955" ind1=" " ind2="s">
            <subfield code="6">655</subfield>
            <subfield code="w">||e</subfield>
            <subfield code="a">Hårdkokta deckare</subfield>
            <subfield code="u">Deckare</subfield>
        </datafield>
        <datafield tag="955" ind1=" " ind2="s">
            <subfield code="6">655</subfield>
            <subfield code="a">Kriminalromaner</subfield>
            <subfield code="u">Deckare</subfield>
        </datafield>
        <datafield tag="955" ind1=" " ind2="s">
            <subfield code="6">655</subfield>
            <subfield code="w">||e</subfield>
            <subfield code="a">Polisromaner</subfield>
            <subfield code="u">Deckare</subfield>
        </datafield>
        <datafield tag="955" ind1=" " ind2="s">
            <subfield code="6">655</subfield>
            <subfield code="w">||e</subfield>
            <subfield code="a">Psykologiska deckare</subfield>
            <subfield code="u">Deckare</subfield>
        </datafield>
        <datafield tag="955" ind1=" " ind2="s">
            <subfield code="6">655</subfield>
            <subfield code="w">||e</subfield>
            <subfield code="a">Pusseldeckare</subfield>
            <subfield code="u">Deckare</subfield>
        </datafield>
        <datafield tag="955" ind1=" " ind2="k">
            <subfield code="6">655</subfield>
            <subfield code="w">g</subfield>
            <subfield code="a">Skönlitteratur</subfield>
            <subfield code="u">Deckare</subfield>
        </datafield>
        <datafield tag="955" ind1=" " ind2="k">
            <subfield code="6">655</subfield>
            <subfield code="w">h</subfield>
            <subfield code="a">Allegorier</subfield>
            <subfield code="u">Skönlitteratur</subfield>
        </datafield>
        <datafield tag="955" ind1=" " ind2="k">
            <subfield code="6">655</subfield>
            <subfield code="w">h</subfield>
            <subfield code="a">Arbetarskildringar</subfield>
            <subfield code="u">Skönlitteratur</subfield>
        </datafield>
        <datafield tag="955" ind1=" " ind2="k">
            <subfield code="6">655</subfield>
            <subfield code="w">h</subfield>
            <subfield code="a">Barndomsskildringar</subfield>
            <subfield code="u">Skönlitteratur</subfield>
        </datafield>
        <datafield tag="955" ind1=" " ind2="k">
            <subfield code="6">655</subfield>
            <subfield code="w">h</subfield>
            <subfield code="a">Biografiska skildringar</subfield>
            <subfield code="u">Skönlitteratur</subfield>
        </datafield>
        <datafield tag="955" ind1=" " ind2="k">
            <subfield code="6">655</subfield>
            <subfield code="w">h</subfield>
            <subfield code="a">Chick lit</subfield>
            <subfield code="u">Skönlitteratur</subfield>
        </datafield>
        <datafield tag="955" ind1=" " ind2="k">
            <subfield code="6">655</subfield>
            <subfield code="w">h</subfield>
            <subfield code="a">Deckare</subfield>
            <subfield code="u">Skönlitteratur</subfield>
        </datafield>
        <datafield tag="955" ind1=" " ind2="k">
            <subfield code="6">655</subfield>
            <subfield code="w">h</subfield>
            <subfield code="a">Dialektlitteratur</subfield>
            <subfield code="u">Skönlitteratur</subfield>
        </datafield>
        <datafield tag="955" ind1=" " ind2="k">
            <subfield code="6">655</subfield>
            <subfield code="w">h</subfield>
            <subfield code="a">Djurskildringar</subfield>
            <subfield code="u">Skönlitteratur</subfield>
        </datafield>
        <datafield tag="955" ind1=" " ind2="k">
            <subfield code="6">655</subfield>
            <subfield code="w">h</subfield>
            <subfield code="a">Dokumentära skildringar</subfield>
            <subfield code="u">Skönlitteratur</subfield>
        </datafield>
        <datafield tag="955" ind1=" " ind2="k">
            <subfield code="6">655</subfield>
            <subfield code="w">h</subfield>
            <subfield code="a">Dramatik</subfield>
            <subfield code="u">Skönlitteratur</subfield>
        </datafield>
        <datafield tag="955" ind1=" " ind2="k">
            <subfield code="6">655</subfield>
            <subfield code="w">h</subfield>
            <subfield code="a">Episka skildringar</subfield>
            <subfield code="u">Skönlitteratur</subfield>
        </datafield>
        <datafield tag="955" ind1=" " ind2="k">
            <subfield code="6">655</subfield>
            <subfield code="w">h</subfield>
            <subfield code="a">Erotiska skildringar</subfield>
            <subfield code="u">Skönlitteratur</subfield>
        </datafield>
        <datafield tag="955" ind1=" " ind2="k">
            <subfield code="6">655</subfield>
            <subfield code="w">h</subfield>
            <subfield code="a">Essäer</subfield>
            <subfield code="u">Skönlitteratur</subfield>
        </datafield>
        <datafield tag="955" ind1=" " ind2="k">
            <subfield code="6">655</subfield>
            <subfield code="w">h</subfield>
            <subfield code="a">Experimentell skönlitteratur</subfield>
            <subfield code="u">Skönlitteratur</subfield>
        </datafield>
        <datafield tag="955" ind1=" " ind2="k">
            <subfield code="6">655</subfield>
            <subfield code="w">h</subfield>
            <subfield code="a">Fabler</subfield>
            <subfield code="u">Skönlitteratur</subfield>
        </datafield>
        <datafield tag="955" ind1=" " ind2="k">
            <subfield code="6">655</subfield>
            <subfield code="w">h</subfield>
            <subfield code="a">Familjeskildringar</subfield>
            <subfield code="u">Skönlitteratur</subfield>
        </datafield>
        <datafield tag="955" ind1=" " ind2="k">
            <subfield code="6">655</subfield>
            <subfield code="w">h</subfield>
            <subfield code="a">Fanfiction</subfield>
            <subfield code="u">Skönlitteratur</subfield>
        </datafield>
        <datafield tag="955" ind1=" " ind2="k">
            <subfield code="6">655</subfield>
            <subfield code="w">h</subfield>
            <subfield code="a">Fantasy</subfield>
            <subfield code="u">Skönlitteratur</subfield>
        </datafield>
        <datafield tag="955" ind1=" " ind2="k">
            <subfield code="6">655</subfield>
            <subfield code="w">h</subfield>
            <subfield code="a">Feelgood</subfield>
            <subfield code="u">Skönlitteratur</subfield>
        </datafield>
        <datafield tag="955" ind1=" " ind2="k">
            <subfield code="6">655</subfield>
            <subfield code="w">h</subfield>
            <subfield code="a">Folkdiktning</subfield>
            <subfield code="u">Skönlitteratur</subfield>
        </datafield>
        <datafield tag="955" ind1=" " ind2="k">
            <subfield code="6">655</subfield>
            <subfield code="w">h</subfield>
            <subfield code="a">Framtidsskildringar</subfield>
            <subfield code="u">Skönlitteratur</subfield>
        </datafield>
        <datafield tag="955" ind1=" " ind2="k">
            <subfield code="6">655</subfield>
            <subfield code="w">h</subfield>
            <subfield code="a">Följetonger</subfield>
            <subfield code="u">Skönlitteratur</subfield>
        </datafield>
        <datafield tag="955" ind1=" " ind2="k">
            <subfield code="6">655</subfield>
            <subfield code="w">h</subfield>
            <subfield code="a">Herdediktning</subfield>
            <subfield code="u">Skönlitteratur</subfield>
        </datafield>
        <datafield tag="955" ind1=" " ind2="k">
            <subfield code="6">655</subfield>
            <subfield code="w">h</subfield>
            <subfield code="a">Historiska skildringar</subfield>
            <subfield code="u">Skönlitteratur</subfield>
        </datafield>
        <datafield tag="955" ind1=" " ind2="k">
            <subfield code="6">655</subfield>
            <subfield code="w">h</subfield>
            <subfield code="a">Humor</subfield>
            <subfield code="u">Skönlitteratur</subfield>
        </datafield>
        <datafield tag="955" ind1=" " ind2="k">
            <subfield code="6">655</subfield>
            <subfield code="w">h</subfield>
            <subfield code="a">Kontrafaktisk historia</subfield>
            <subfield code="u">Skönlitteratur</subfield>
        </datafield>
        <datafield tag="955" ind1=" " ind2="k">
            <subfield code="6">655</subfield>
            <subfield code="w">h</subfield>
            <subfield code="a">Krigsskildringar</subfield>
            <subfield code="u">Skönlitteratur</subfield>
        </datafield>
        <datafield tag="955" ind1=" " ind2="k">
            <subfield code="6">655</subfield>
            <subfield code="w">h</subfield>
            <subfield code="a">Kärleksskildringar</subfield>
            <subfield code="u">Skönlitteratur</subfield>
        </datafield>
        <datafield tag="955" ind1=" " ind2="k">
            <subfield code="6">655</subfield>
            <subfield code="w">h</subfield>
            <subfield code="a">Magisk realism</subfield>
            <subfield code="u">Skönlitteratur</subfield>
        </datafield>
        <datafield tag="955" ind1=" " ind2="k">
            <subfield code="6">655</subfield>
            <subfield code="w">h</subfield>
            <subfield code="a">Noveller</subfield>
            <subfield code="u">Skönlitteratur</subfield>
        </datafield>
        <datafield tag="955" ind1=" " ind2="k">
            <subfield code="6">655</subfield>
            <subfield code="w">h</subfield>
            <subfield code="a">Parafraser</subfield>
            <subfield code="u">Skönlitteratur</subfield>
        </datafield>
        <datafield tag="955" ind1=" " ind2="k">
            <subfield code="6">655</subfield>
            <subfield code="w">h</subfield>
            <subfield code="a">Parodier</subfield>
            <subfield code="u">Skönlitteratur</subfield>
        </datafield>
        <datafield tag="955" ind1=" " ind2="k">
            <subfield code="6">655</subfield>
            <subfield code="w">h</subfield>
            <subfield code="a">Pastischer</subfield>
            <subfield code="u">Skönlitteratur</subfield>
        </datafield>
        <datafield tag="955" ind1=" " ind2="k">
            <subfield code="6">655</subfield>
            <subfield code="w">h</subfield>
            <subfield code="a">Psykologiska skildringar</subfield>
            <subfield code="u">Skönlitteratur</subfield>
        </datafield>
        <datafield tag="955" ind1=" " ind2="k">
            <subfield code="6">655</subfield>
            <subfield code="w">h</subfield>
            <subfield code="a">Poesi</subfield>
            <subfield code="u">Skönlitteratur</subfield>
        </datafield>
        <datafield tag="955" ind1=" " ind2="k">
            <subfield code="6">655</subfield>
            <subfield code="w">h</subfield>
            <subfield code="a">Politiska skildringar</subfield>
            <subfield code="u">Skönlitteratur</subfield>
        </datafield>
        <datafield tag="955" ind1=" " ind2="k">
            <subfield code="6">655</subfield>
            <subfield code="w">h</subfield>
            <subfield code="a">Ramberättelser</subfield>
            <subfield code="u">Skönlitteratur</subfield>
        </datafield>
        <datafield tag="955" ind1=" " ind2="k">
            <subfield code="6">655</subfield>
            <subfield code="w">h</subfield>
            <subfield code="a">Relationsskildringar</subfield>
            <subfield code="u">Skönlitteratur</subfield>
        </datafield>
        <datafield tag="955" ind1=" " ind2="k">
            <subfield code="6">655</subfield>
            <subfield code="w">h</subfield>
            <subfield code="a">Religiösa skildringar</subfield>
            <subfield code="u">Skönlitteratur</subfield>
        </datafield>
        <datafield tag="955" ind1=" " ind2="k">
            <subfield code="6">655</subfield>
            <subfield code="w">h</subfield>
            <subfield code="a">Riddardiktning</subfield>
            <subfield code="u">Skönlitteratur</subfield>
        </datafield>
        <datafield tag="955" ind1=" " ind2="k">
            <subfield code="6">655</subfield>
            <subfield code="w">h</subfield>
            <subfield code="a">Robinsonader</subfield>
            <subfield code="u">Skönlitteratur</subfield>
        </datafield>
        <datafield tag="955" ind1=" " ind2="k">
            <subfield code="6">655</subfield>
            <subfield code="w">h</subfield>
            <subfield code="a">Romaner</subfield>
            <subfield code="u">Skönlitteratur</subfield>
        </datafield>
        <datafield tag="955" ind1=" " ind2="k">
            <subfield code="6">655</subfield>
            <subfield code="w">h</subfield>
            <subfield code="a">Sagalitteratur</subfield>
            <subfield code="u">Skönlitteratur</subfield>
        </datafield>
        <datafield tag="955" ind1=" " ind2="k">
            <subfield code="6">655</subfield>
            <subfield code="w">h</subfield>
            <subfield code="a">Sagor</subfield>
            <subfield code="u">Skönlitteratur</subfield>
        </datafield>
        <datafield tag="955" ind1=" " ind2="k">
            <subfield code="6">655</subfield>
            <subfield code="w">h</subfield>
            <subfield code="a">Samhällskritiska skildringar</subfield>
            <subfield code="u">Skönlitteratur</subfield>
        </datafield>
        <datafield tag="955" ind1=" " ind2="k">
            <subfield code="6">655</subfield>
            <subfield code="w">h</subfield>
            <subfield code="a">Samhällsskildringar</subfield>
            <subfield code="u">Skönlitteratur</subfield>
        </datafield>
        <datafield tag="955" ind1=" " ind2="k">
            <subfield code="6">655</subfield>
            <subfield code="w">h</subfield>
            <subfield code="a">Satir</subfield>
            <subfield code="u">Skönlitteratur</subfield>
        </datafield>
        <datafield tag="955" ind1=" " ind2="k">
            <subfield code="6">655</subfield>
            <subfield code="w">h</subfield>
            <subfield code="a">Science fiction</subfield>
            <subfield code="u">Skönlitteratur</subfield>
        </datafield>
        <datafield tag="955" ind1=" " ind2="k">
            <subfield code="6">655</subfield>
            <subfield code="w">h</subfield>
            <subfield code="a">Sedeskildringar</subfield>
            <subfield code="u">Skönlitteratur</subfield>
        </datafield>
        <datafield tag="955" ind1=" " ind2="k">
            <subfield code="6">655</subfield>
            <subfield code="w">h</subfield>
            <subfield code="a">Sjukdomsskildringar</subfield>
            <subfield code="u">Skönlitteratur</subfield>
        </datafield>
        <datafield tag="955" ind1=" " ind2="k">
            <subfield code="6">655</subfield>
            <subfield code="w">h</subfield>
            <subfield code="a">Sjöberättelser</subfield>
            <subfield code="u">Skönlitteratur</subfield>
        </datafield>
        <datafield tag="955" ind1=" " ind2="k">
            <subfield code="6">655</subfield>
            <subfield code="w">h</subfield>
            <subfield code="a">Skräck</subfield>
            <subfield code="u">Skönlitteratur</subfield>
        </datafield>
        <datafield tag="955" ind1=" " ind2="k">
            <subfield code="6">655</subfield>
            <subfield code="w">h</subfield>
            <subfield code="a">Släktskildringar</subfield>
            <subfield code="u">Skönlitteratur</subfield>
        </datafield>
        <datafield tag="955" ind1=" " ind2="k">
            <subfield code="6">655</subfield>
            <subfield code="w">h</subfield>
            <subfield code="a">Tecknade serier</subfield>
            <subfield code="u">Skönlitteratur</subfield>
        </datafield>
        <datafield tag="955" ind1=" " ind2="k">
            <subfield code="6">655</subfield>
            <subfield code="w">h</subfield>
            <subfield code="a">Thrillers</subfield>
            <subfield code="u">Skönlitteratur</subfield>
        </datafield>
        <datafield tag="955" ind1=" " ind2="k">
            <subfield code="6">655</subfield>
            <subfield code="w">h</subfield>
            <subfield code="a">Utopier</subfield>
            <subfield code="u">Skönlitteratur</subfield>
        </datafield>
        <datafield tag="955" ind1=" " ind2="k">
            <subfield code="6">655</subfield>
            <subfield code="w">h</subfield>
            <subfield code="a">Versberättelser</subfield>
            <subfield code="u">Skönlitteratur</subfield>
        </datafield>
        <datafield tag="955" ind1=" " ind2="k">
            <subfield code="6">655</subfield>
            <subfield code="w">h</subfield>
            <subfield code="a">Västernskildringar</subfield>
            <subfield code="u">Skönlitteratur</subfield>
        </datafield>
        <datafield tag="955" ind1=" " ind2="k">
            <subfield code="6">655</subfield>
            <subfield code="w">h</subfield>
            <subfield code="a">Äventyrsskildringar</subfield>
            <subfield code="u">Skönlitteratur</subfield>
        </datafield>
        <datafield tag="841" ind1=" " ind2=" ">
            <subfield code="5">Afb</subfield>
            <subfield code="a">x a</subfield>
            <subfield code="b">131122||0000|||||000||||||000000</subfield>
            <subfield code="e">1</subfield>
        </datafield>
        <datafield tag="887" ind1=" " ind2=" ">
            <subfield code="5">Afb</subfield>
            <subfield code="a">
                {"@id":"sx4p3tgz2q53bfg","modified":"2014-03-13T08:29:06+01:00","checksum":"2949097595"} </subfield>
            <subfield code="2">librisxl</subfield>
        </datafield>
        <datafield tag="841" ind1=" " ind2=" ">
            <subfield code="5">Areb</subfield>
            <subfield code="a">u a</subfield>
            <subfield code="b">140707||0000|||||001||||||000000</subfield>
            <subfield code="e">1</subfield>
        </datafield>
        <datafield tag="887" ind1=" " ind2=" ">
            <subfield code="5">Areb</subfield>
            <subfield code="a">
                {"@id":"lqxlq9cr3wdgsz6","modified":"2014-08-25T11:16:34+02:00","checksum":"-5791027506"} </subfield>
            <subfield code="2">librisxl</subfield>
        </datafield>
        <datafield tag="841" ind1=" " ind2=" ">
            <subfield code="5">Arja</subfield>
            <subfield code="a">x a</subfield>
            <subfield code="b">131206||0000|||||000||||||000000</subfield>
            <subfield code="e">1</subfield>
        </datafield>
        <datafield tag="887" ind1=" " ind2=" ">
            <subfield code="5">Arja</subfield>
            <subfield code="a">
                {"@id":"sx4p7j0z2zwj3xg","modified":"2014-02-12T19:18:17+01:00","checksum":"2809081986"} </subfield>
            <subfield code="2">librisxl</subfield>
        </datafield>
        <datafield tag="841" ind1=" " ind2=" ">
            <subfield code="5">Arlo</subfield>
            <subfield code="a">u a</subfield>
            <subfield code="b">160125||0000|||||001||||||000000</subfield>
            <subfield code="e">1</subfield>
        </datafield>
        <datafield tag="887" ind1=" " ind2=" ">
            <subfield code="5">Arlo</subfield>
            <subfield code="a">
                {"@id":"chqmdvtj13p4p82","modified":"2016-01-25T12:36:10+01:00","checksum":"177776912"} </subfield>
            <subfield code="2">librisxl</subfield>
        </datafield>
        <datafield tag="841" ind1=" " ind2=" ">
            <subfield code="5">Arvk</subfield>
            <subfield code="a">x a</subfield>
            <subfield code="b">131129||0000|||||000||||||000000</subfield>
            <subfield code="e">1</subfield>
        </datafield>
        <datafield tag="887" ind1=" " ind2=" ">
            <subfield code="5">Arvk</subfield>
            <subfield code="a">
                {"@id":"z39vbf6427s1p63","modified":"2014-01-23T19:19:37+01:00","checksum":"3897209024"} </subfield>
            <subfield code="2">librisxl</subfield>
        </datafield>
        <datafield tag="841" ind1=" " ind2=" ">
            <subfield code="5">BOKR</subfield>
            <subfield code="a">x a</subfield>
            <subfield code="b">180221||0000|||||000||||||000000</subfield>
            <subfield code="e">1</subfield>
        </datafield>
        <datafield tag="887" ind1=" " ind2=" ">
            <subfield code="5">BOKR</subfield>
            <subfield code="a">
                {"@id":"glt81mjm3dz9lz6","modified":"2018-09-06T09:03:51.546+02:00","checksum":"-5662389031"} </subfield>
            <subfield code="2">librisxl</subfield>
        </datafield>
        <datafield tag="841" ind1=" " ind2=" ">
            <subfield code="5">Bo</subfield>
            <subfield code="a">u a</subfield>
            <subfield code="b">140401||0000|||||001||||||000000</subfield>
            <subfield code="e">1</subfield>
        </datafield>
        <datafield tag="035" ind1=" " ind2=" ">
            <subfield code="5">Bo</subfield>
            <subfield code="a">(Bo)527322</subfield>
        </datafield>
        <datafield tag="500" ind1=" " ind2=" ">
            <subfield code="5">Bo</subfield>
            <subfield code="a">Annan upplaga kan finnas vid biblioteket</subfield>
        </datafield>
        <datafield tag="887" ind1=" " ind2=" ">
            <subfield code="5">Bo</subfield>
            <subfield code="a">
                {"@id":"fkrdvzgl3qd7nnx","modified":"2014-04-01T12:25:54+02:00","checksum":"-12439509473"} </subfield>
            <subfield code="2">librisxl</subfield>
        </datafield>
        <datafield tag="841" ind1=" " ind2=" ">
            <subfield code="5">Eda</subfield>
            <subfield code="a">x a</subfield>
            <subfield code="b">131128||0000|||||000||||||000000</subfield>
            <subfield code="e">1</subfield>
        </datafield>
        <datafield tag="887" ind1=" " ind2=" ">
            <subfield code="5">Eda</subfield>
            <subfield code="a">
                {"@id":"z39vb7k45gvg597","modified":"2013-12-02T16:17:55+01:00","checksum":"-1332531186"} </subfield>
            <subfield code="2">librisxl</subfield>
        </datafield>
        <datafield tag="841" ind1=" " ind2=" ">
            <subfield code="5">Fili</subfield>
            <subfield code="a">x a</subfield>
            <subfield code="b">131125||0000|||||000||||||000000</subfield>
            <subfield code="e">1</subfield>
        </datafield>
        <datafield tag="887" ind1=" " ind2=" ">
            <subfield code="5">Fili</subfield>
            <subfield code="a">
                {"@id":"w17s7d325r4zlnb","modified":"2014-02-07T08:15:56+01:00","checksum":"1216543321"} </subfield>
            <subfield code="2">librisxl</subfield>
        </datafield>
        <datafield tag="841" ind1=" " ind2=" ">
            <subfield code="5">Forh</subfield>
            <subfield code="a">x a</subfield>
            <subfield code="b">131202||0000|||||000||||||000000</subfield>
            <subfield code="e">1</subfield>
        </datafield>
        <datafield tag="887" ind1=" " ind2=" ">
            <subfield code="5">Forh</subfield>
            <subfield code="a">
                {"@id":"59h2j4xb0529jzx","modified":"2013-12-02T13:23:34+01:00","checksum":"-4682068268"} </subfield>
            <subfield code="2">librisxl</subfield>
        </datafield>
        <datafield tag="841" ind1=" " ind2=" ">
            <subfield code="5">G</subfield>
            <subfield code="a">x a</subfield>
            <subfield code="b">140115||0000||||1001||||||901128</subfield>
            <subfield code="e">4</subfield>
        </datafield>
        <datafield tag="949" ind1=" " ind2=" ">
            <subfield code="5">G</subfield>
            <subfield code="A">VIRTUAITEM</subfield>
            <subfield code="D">000440095</subfield>
            <subfield code="F">1</subfield>
            <subfield code="G">000440095</subfield>
            <subfield code="X">8</subfield>
            <subfield code="6">6000082922</subfield>
            <subfield code="a">14/31</subfield>
            <subfield code="s">7500</subfield>
            <subfield code="t">YNNNN</subfield>
        </datafield>
        <datafield tag="887" ind1=" " ind2=" ">
            <subfield code="5">G</subfield>
            <subfield code="a">
                {"@id":"8dl51b2f0qbfplb","modified":"2014-01-15T09:27:01+01:00","checksum":"34115774561"} </subfield>
            <subfield code="2">librisxl</subfield>
        </datafield>
        <datafield tag="841" ind1=" " ind2=" ">
            <subfield code="5">Gbg</subfield>
            <subfield code="a">x a</subfield>
            <subfield code="b">131206||0000|||||000||||||000000</subfield>
            <subfield code="e">1</subfield>
        </datafield>
        <datafield tag="887" ind1=" " ind2=" ">
            <subfield code="5">Gbg</subfield>
            <subfield code="a">
                {"@id":"pt1l5z2v3ws55qr","modified":"2014-05-22T18:52:16+02:00","checksum":"-2183528987"} </subfield>
            <subfield code="2">librisxl</subfield>
        </datafield>
        <datafield tag="841" ind1=" " ind2=" ">
            <subfield code="5">Grum</subfield>
            <subfield code="a">x a</subfield>
            <subfield code="b">131127||0000|||||000||||||000000</subfield>
            <subfield code="e">1</subfield>
        </datafield>
        <datafield tag="887" ind1=" " ind2=" ">
            <subfield code="5">Grum</subfield>
            <subfield code="a">
                {"@id":"ns0k0h0t3plqcwp","modified":"2014-01-31T08:25:24+01:00","checksum":"-3481050560"} </subfield>
            <subfield code="2">librisxl</subfield>
        </datafield>
        <datafield tag="841" ind1=" " ind2=" ">
            <subfield code="5">Hagf</subfield>
            <subfield code="a">x a</subfield>
            <subfield code="b">131125||0000|||||000||||||000000</subfield>
            <subfield code="e">1</subfield>
        </datafield>
        <datafield tag="887" ind1=" " ind2=" ">
            <subfield code="5">Hagf</subfield>
            <subfield code="a">
                {"@id":"8dl5lstf1vz1shk","modified":"2013-11-25T17:08:37+01:00","checksum":"5763771037"} </subfield>
            <subfield code="2">librisxl</subfield>
        </datafield>
        <datafield tag="841" ind1=" " ind2=" ">
            <subfield code="5">Hama</subfield>
            <subfield code="a">x a</subfield>
            <subfield code="b">140111||0000|||||001||||||000000</subfield>
            <subfield code="e">1</subfield>
        </datafield>
        <datafield tag="887" ind1=" " ind2=" ">
            <subfield code="5">Hama</subfield>
            <subfield code="a">
                {"@id":"37f0sq8844v5v0k","modified":"2014-01-27T15:14:30+01:00","checksum":"1735386024"} </subfield>
            <subfield code="2">librisxl</subfield>
        </datafield>
        <datafield tag="841" ind1=" " ind2=" ">
            <subfield code="5">Hena</subfield>
            <subfield code="a">x a</subfield>
            <subfield code="b">140107||0000|||||000||||||000000</subfield>
            <subfield code="e">|</subfield>
        </datafield>
        <datafield tag="887" ind1=" " ind2=" ">
            <subfield code="5">Hena</subfield>
            <subfield code="a">
                {"@id":"djq909xk1c40g2m","modified":"2014-08-01T14:15:07+02:00","checksum":"4796067854"} </subfield>
            <subfield code="2">librisxl</subfield>
        </datafield>
        <datafield tag="841" ind1=" " ind2=" ">
            <subfield code="5">Kils</subfield>
            <subfield code="a">x a</subfield>
            <subfield code="b">131203||0000|||||000||||||000000</subfield>
            <subfield code="e">1</subfield>
        </datafield>
        <datafield tag="887" ind1=" " ind2=" ">
            <subfield code="5">Kils</subfield>
            <subfield code="a">
                {"@id":"z39vcc445rbsnkh","modified":"2014-04-29T11:40:32+02:00","checksum":"3092535639"} </subfield>
            <subfield code="2">librisxl</subfield>
        </datafield>
        <datafield tag="841" ind1=" " ind2=" ">
            <subfield code="5">Kld1</subfield>
            <subfield code="a">x a</subfield>
            <subfield code="b">131119||0000|||||000||||||000000</subfield>
            <subfield code="e">1</subfield>
        </datafield>
        <datafield tag="887" ind1=" " ind2=" ">
            <subfield code="5">Kld1</subfield>
            <subfield code="a">
                {"@id":"15cx9zm64xx77x1","modified":"2014-02-07T11:25:39+01:00","checksum":"-8348147375"} </subfield>
            <subfield code="2">librisxl</subfield>
        </datafield>
        <datafield tag="841" ind1=" " ind2=" ">
            <subfield code="5">Kssb</subfield>
            <subfield code="a">x a</subfield>
            <subfield code="b">131129||0000|||||000||||||000000</subfield>
            <subfield code="e">1</subfield>
        </datafield>
        <datafield tag="887" ind1=" " ind2=" ">
            <subfield code="5">Kssb</subfield>
            <subfield code="a">
                {"@id":"x28t9lb32xjl5rk","modified":"2013-12-03T19:45:53+01:00","checksum":"-3005306338"} </subfield>
            <subfield code="2">librisxl</subfield>
        </datafield>
        <datafield tag="841" ind1=" " ind2=" ">
            <subfield code="5">L</subfield>
            <subfield code="a">x a</subfield>
            <subfield code="b">140129||0000||||1001||||||901128</subfield>
            <subfield code="e">4</subfield>
        </datafield>
        <datafield tag="887" ind1=" " ind2=" ">
            <subfield code="5">L</subfield>
            <subfield code="a">
                {"@id":"48g293690q59x9d","modified":"2014-01-29T11:37:15+01:00","checksum":"12918488676"} </subfield>
            <subfield code="2">librisxl</subfield>
        </datafield>
        <datafield tag="841" ind1=" " ind2=" ">
            <subfield code="5">Leru</subfield>
            <subfield code="a">x a</subfield>
            <subfield code="b">140114||0000|||||000||||||000000</subfield>
            <subfield code="e">1</subfield>
        </datafield>
        <datafield tag="887" ind1=" " ind2=" ">
            <subfield code="5">Leru</subfield>
            <subfield code="a">
                {"@id":"15cxrgk62jrk1kx","modified":"2014-02-17T17:04:12+01:00","checksum":"9565757022"} </subfield>
            <subfield code="2">librisxl</subfield>
        </datafield>
        <datafield tag="841" ind1=" " ind2=" ">
            <subfield code="5">Li</subfield>
            <subfield code="a">x a</subfield>
            <subfield code="b">140117||0000||||1001||||||901128</subfield>
            <subfield code="e">4</subfield>
        </datafield>
        <datafield tag="500" ind1=" " ind2=" ">
            <subfield code="5">Li</subfield>
            <subfield code="a">Pliktex</subfield>
        </datafield>
        <datafield tag="887" ind1=" " ind2=" ">
            <subfield code="5">Li</subfield>
            <subfield code="a">
                {"@id":"sx4pqpwz5hdg6v4","modified":"2014-12-08T14:17:28+01:00","checksum":"-6008868043"} </subfield>
            <subfield code="2">librisxl</subfield>
        </datafield>
        <datafield tag="841" ind1=" " ind2=" ">
            <subfield code="5">Lobj</subfield>
            <subfield code="a">u a</subfield>
            <subfield code="b">150622||0000|||||001||||||000000</subfield>
            <subfield code="e">1</subfield>
        </datafield>
        <datafield tag="887" ind1=" " ind2=" ">
            <subfield code="5">Lobj</subfield>
            <subfield code="a">
                {"@id":"pt2vdq6v2tlkc9l","modified":"2015-10-19T18:31:45+02:00","checksum":"-4418635460"} </subfield>
            <subfield code="2">librisxl</subfield>
        </datafield>
        <datafield tag="841" ind1=" " ind2=" ">
            <subfield code="5">Mah</subfield>
            <subfield code="a">x a</subfield>
            <subfield code="b">140226||0000||||1001||||||901128</subfield>
            <subfield code="e">4</subfield>
        </datafield>
        <datafield tag="887" ind1=" " ind2=" ">
            <subfield code="5">Mah</subfield>
            <subfield code="a">
                {"@id":"jnvg4vsp5lv9144","modified":"2014-02-26T11:30:22+01:00","checksum":"1260431937"} </subfield>
            <subfield code="2">librisxl</subfield>
        </datafield>
        <datafield tag="841" ind1=" " ind2=" ">
            <subfield code="5">Mo</subfield>
            <subfield code="a">x a</subfield>
            <subfield code="b">131127||0000|||||000||||||000000</subfield>
            <subfield code="e">1</subfield>
        </datafield>
        <datafield tag="887" ind1=" " ind2=" ">
            <subfield code="5">Mo</subfield>
            <subfield code="a">
                {"@id":"qv2m2hdw5585tjz","modified":"2014-02-27T17:47:39+01:00","checksum":"-3890553916"} </subfield>
            <subfield code="2">librisxl</subfield>
        </datafield>
        <datafield tag="841" ind1=" " ind2=" ">
            <subfield code="5">Q</subfield>
            <subfield code="a">x a</subfield>
            <subfield code="b">140113||0000|||||001||||||011126</subfield>
            <subfield code="e">1</subfield>
        </datafield>
        <datafield tag="887" ind1=" " ind2=" ">
            <subfield code="5">Q</subfield>
            <subfield code="a">
                {"@id":"6bj3wv5c1pw07hm","modified":"2014-01-13T08:30:02+01:00","checksum":"2858722213"} </subfield>
            <subfield code="2">librisxl</subfield>
        </datafield>
        <datafield tag="841" ind1=" " ind2=" ">
            <subfield code="5">S</subfield>
            <subfield code="a">x a</subfield>
            <subfield code="b">140107||0000|||||001||||||000000</subfield>
            <subfield code="e">1</subfield>
        </datafield>
        <datafield tag="599" ind1=" " ind2=" ">
            <subfield code="5">S</subfield>
            <subfield code="a">nbv201402</subfield>
        </datafield>
        <datafield tag="887" ind1=" " ind2=" ">
            <subfield code="5">S</subfield>
            <subfield code="a">
                {"@id":"sx4pdprz518tgjd","modified":"2014-01-08T09:22:41+01:00","checksum":"2227115841"} </subfield>
            <subfield code="2">librisxl</subfield>
        </datafield>
        <datafield tag="841" ind1=" " ind2=" ">
            <subfield code="5">SDB</subfield>
            <subfield code="a">u a</subfield>
            <subfield code="b">150429||0000|||||001||||||000000</subfield>
            <subfield code="e">1</subfield>
        </datafield>
        <datafield tag="887" ind1=" " ind2=" ">
            <subfield code="5">SDB</subfield>
            <subfield code="a">
                {"@id":"9fnghqdg4pdhqvj","modified":"2015-04-29T12:31:41+02:00","checksum":"-844338803"} </subfield>
            <subfield code="2">librisxl</subfield>
        </datafield>
        <datafield tag="841" ind1=" " ind2=" ">
            <subfield code="5">Safb</subfield>
            <subfield code="a">x a</subfield>
            <subfield code="b">131203||0000|||||000||||||000000</subfield>
            <subfield code="e">1</subfield>
        </datafield>
        <datafield tag="887" ind1=" " ind2=" ">
            <subfield code="5">Safb</subfield>
            <subfield code="a">
                {"@id":"8dl5nnnf1wt962l","modified":"2014-01-25T12:20:31+01:00","checksum":"-2587392011"} </subfield>
            <subfield code="2">librisxl</subfield>
        </datafield>
        <datafield tag="841" ind1=" " ind2=" ">
            <subfield code="5">Stof</subfield>
            <subfield code="a">x a</subfield>
            <subfield code="b">140124||0000||||4000||||||000000</subfield>
            <subfield code="e">1</subfield>
        </datafield>
        <datafield tag="887" ind1=" " ind2=" ">
            <subfield code="5">Stof</subfield>
            <subfield code="a">
                {"@id":"59h277jb3h32hqg","modified":"2014-01-24T11:14:20+01:00","checksum":"5854390896"} </subfield>
            <subfield code="2">librisxl</subfield>
        </datafield>
        <datafield tag="841" ind1=" " ind2=" ">
            <subfield code="5">Sunn</subfield>
            <subfield code="a">x a</subfield>
            <subfield code="b">131212||0000|||||000||||||000000</subfield>
            <subfield code="e">1</subfield>
        </datafield>
        <datafield tag="887" ind1=" " ind2=" ">
            <subfield code="5">Sunn</subfield>
            <subfield code="a">
                {"@id":"mrzj3qns4ckplm3","modified":"2013-12-12T08:13:32+01:00","checksum":"3052781650"} </subfield>
            <subfield code="2">librisxl</subfield>
        </datafield>
        <datafield tag="841" ind1=" " ind2=" ">
            <subfield code="5">Tkb</subfield>
            <subfield code="a">x a</subfield>
            <subfield code="b">131126||0000|||||000||||||000000</subfield>
            <subfield code="e">|</subfield>
        </datafield>
        <datafield tag="887" ind1=" " ind2=" ">
            <subfield code="5">Tkb</subfield>
            <subfield code="a">
                {"@id":"37f0frn80smskph","modified":"2014-01-21T09:04:09+01:00","checksum":"8270410564"} </subfield>
            <subfield code="2">librisxl</subfield>
        </datafield>
        <datafield tag="841" ind1=" " ind2=" ">
            <subfield code="5">U</subfield>
            <subfield code="a">x a</subfield>
            <subfield code="b">140123||0000||||1001||||||901128</subfield>
            <subfield code="e">4</subfield>
        </datafield>
        <datafield tag="887" ind1=" " ind2=" ">
            <subfield code="5">U</subfield>
            <subfield code="a">
                {"@id":"ns0kpjpt4x2mz9j","modified":"2014-01-23T10:01:56+01:00","checksum":"5590734316"} </subfield>
            <subfield code="2">librisxl</subfield>
        </datafield>
        <datafield tag="841" ind1=" " ind2=" ">
            <subfield code="5">Udd</subfield>
            <subfield code="a">x a</subfield>
            <subfield code="b">140108||0000|||||000||||||000000</subfield>
            <subfield code="e">|</subfield>
        </datafield>
        <datafield tag="887" ind1=" " ind2=" ">
            <subfield code="5">Udd</subfield>
            <subfield code="a">
                {"@id":"rw3ndkzx4k0xm40","modified":"2014-01-10T16:02:41+01:00","checksum":"4043229788"} </subfield>
            <subfield code="2">librisxl</subfield>
        </datafield>
        <datafield tag="841" ind1=" " ind2=" ">
            <subfield code="5">Umdp</subfield>
            <subfield code="a">x a</subfield>
            <subfield code="b">150127||0000||||1001||||||000000</subfield>
            <subfield code="e">1</subfield>
        </datafield>
        <datafield tag="887" ind1=" " ind2=" ">
            <subfield code="5">Umdp</subfield>
            <subfield code="a">
                {"@id":"qv2tl68w5szcvqd","modified":"2015-01-27T09:28:41+01:00","checksum":"8539488233"} </subfield>
            <subfield code="2">librisxl</subfield>
        </datafield>
    </record>