
    <record>
        <leader>05840cim a22011057a 4500</leader>
        <controlfield tag="001">14791138</controlfield>
        <controlfield tag="003">SE-LIBR</controlfield>
        <controlfield tag="005">20160301084848.0</controlfield>
        <controlfield tag="007">sd ||||||||||| </controlfield>
        <controlfield tag="008">131106s2014 sw | ||||||||||f | swe|c</controlfield>
        <datafield tag="020" ind1=" " ind2=" ">
            <subfield code="a">9789174332315</subfield>
            <subfield code="q">CD-skiva</subfield>
        </datafield>
        <datafield tag="035" ind1=" " ind2=" ">
            <subfield code="a">(BOKR)9789174332315</subfield>
        </datafield>
        <datafield tag="040" ind1=" " ind2=" ">
            <subfield code="a">BOKR</subfield>
            <subfield code="d">Kld1</subfield>
        </datafield>
        <datafield tag="041" ind1=" " ind2=" ">
            <subfield code="a">swe</subfield>
        </datafield>
        <datafield tag="082" ind1="0" ind2="4">
            <subfield code="a">839.78</subfield>
            <subfield code="2">22 (machine generated)</subfield>
        </datafield>
        <datafield tag="084" ind1=" " ind2=" ">
            <subfield code="a">Hcedb.01/LC</subfield>
            <subfield code="2">kssb/8</subfield>
        </datafield>
        <datafield tag="100" ind1="1" ind2=" ">
            <subfield code="a">Fossum, Karin</subfield>
            <subfield code="d">1954-</subfield>
            <subfield code="e">author</subfield>
            <subfield code="1">http://viaf.org/viaf/120627630</subfield>
            <subfield code="4">aut</subfield>
        </datafield>
        <datafield tag="240" ind1="1" ind2="0">
            <subfield code="a">Carmen Zita og døden</subfield>
            <subfield code="l">Svenska</subfield>
            <subfield code="1">http://viaf.org/viaf/4264151051990833530003</subfield>
        </datafield>
        <datafield tag="245" ind1="1" ind2="0">
            <subfield code="a">Carmen och döden</subfield>
            <subfield code="b">kriminalroman</subfield>
            <subfield code="h">[Ljudupptagning] /</subfield>
            <subfield code="c">Karin Fossum</subfield>
        </datafield>
        <datafield tag="264" ind1=" " ind2="1">
            <subfield code="c">2014</subfield>
        </datafield>
        <datafield tag="264" ind1=" " ind2="1">
            <subfield code="a">Stockholm</subfield>
            <subfield code="b">Bonnier Audio</subfield>
            <subfield code="c">2014</subfield>
        </datafield>
        <datafield tag="300" ind1=" " ind2=" ">
            <subfield code="a">6 CD (6 tim., 50 min.)</subfield>
        </datafield>
        <datafield tag="336" ind1=" " ind2=" ">
          <subfield code="a">spoken word</subfield>
          <subfield code="b">spw</subfield>
          <subfield code="2">rdacontent</subfield>
          <subfield code="0">http://rdaregistry.info/termList/RDAContentType/1020</subfield>
        </datafield>
        <datafield tag="337" ind1=" " ind2=" ">
          <subfield code="a">audio</subfield>
          <subfield code="b">s</subfield>
          <subfield code="2">rdamedia</subfield>
          <subfield code="0">http://www.rdaregistry.info/termList/RDAMediaType/1001</subfield>
        </datafield>
        <datafield tag="338" ind1=" " ind2=" ">
          <subfield code="a">audio disc</subfield>
          <subfield code="b">sd</subfield>
          <subfield code="2">rdacarrier</subfield>
          <subfield code="0">http://rdaregistry.info/termList/RDACarrierType/1004</subfield>
        </datafield>
        <datafield tag="380" ind1=" " ind2=" ">
            <subfield code="a">novel</subfield>
            <subfield code="2">marcgt</subfield>
        </datafield>
        <datafield tag="500" ind1=" " ind2=" ">
            <subfield code="a"> Serie/fortsättningsarbete: 1. Evas öga -- 2. Se dig inte om! -- 3.
                Den som fruktar vargen -- 4. När djävulen håller ljuset -- 5. Älskade Poona -- 6.
                Svarta sekunder -- 7. Mordet på Harriet Krohn -- 8. Den som älskar något annat -- 9.
                Den onda viljan -- 10. Döden skall du tåla -- 11. Carmen och döden -- 12.
                Helveteselden </subfield>
        </datafield>
        <datafield tag="511" ind1="0" ind2=" ">
            <subfield code="a">Inläsare: Torsten Wahlund</subfield>
        </datafield>
        <datafield tag="655" ind1=" " ind2="7">
            <subfield code="a">Deckare</subfield>
            <subfield code="0">https://id.kb.se/term/saogf/Deckare</subfield>
            <subfield code="2">saogf</subfield>
        </datafield>
        <datafield tag="655" ind1=" " ind2="7">
            <subfield code="a">Ljudböcker</subfield>
            <subfield code="0">https://id.kb.se/term/saogf/Ljudb%C3%B6cker</subfield>
            <subfield code="2">saogf</subfield>
        </datafield>
        <datafield tag="700" ind1="1" ind2=" ">
            <subfield code="a">Järnebrand, Margareta</subfield>
            <subfield code="d">1947-</subfield>
            <subfield code="e">translator</subfield>
            <subfield code="4">trl</subfield>
        </datafield>
        <datafield tag="700" ind1="1" ind2=" ">
            <subfield code="a">Wahlund, Torsten</subfield>
            <subfield code="e">narrator</subfield>
            <subfield code="4">nrt</subfield>
        </datafield>
        <datafield tag="887" ind1=" " ind2=" ">
            <subfield code="a">
                {"@id":"l4x2tqhx5fzgf18","modified":"2016-03-01T08:48:48+01:00","checksum":"118578596539"} </subfield>
            <subfield code="2">librisxl</subfield>
        </datafield>
        <datafield tag="955" ind1=" " ind2="s">
            <subfield code="6">655</subfield>
            <subfield code="a">Detektivromaner</subfield>
            <subfield code="u">Deckare</subfield>
        </datafield>
        <datafield tag="955" ind1=" " ind2="s">
            <subfield code="6">655</subfield>
            <subfield code="w">||e</subfield>
            <subfield code="a">Historiska deckare</subfield>
            <subfield code="u">Deckare</subfield>
        </datafield>
        <datafield tag="955" ind1=" " ind2="s">
            <subfield code="6">655</subfield>
            <subfield code="w">||e</subfield>
            <subfield code="a">Hårdkokta deckare</subfield>
            <subfield code="u">Deckare</subfield>
        </datafield>
        <datafield tag="955" ind1=" " ind2="s">
            <subfield code="6">655</subfield>
            <subfield code="a">Kriminalromaner</subfield>
            <subfield code="u">Deckare</subfield>
        </datafield>
        <datafield tag="955" ind1=" " ind2="s">
            <subfield code="6">655</subfield>
            <subfield code="w">||e</subfield>
            <subfield code="a">Polisromaner</subfield>
            <subfield code="u">Deckare</subfield>
        </datafield>
        <datafield tag="955" ind1=" " ind2="s">
            <subfield code="6">655</subfield>
            <subfield code="w">||e</subfield>
            <subfield code="a">Psykologiska deckare</subfield>
            <subfield code="u">Deckare</subfield>
        </datafield>
        <datafield tag="955" ind1=" " ind2="s">
            <subfield code="6">655</subfield>
            <subfield code="w">||e</subfield>
            <subfield code="a">Pusseldeckare</subfield>
            <subfield code="u">Deckare</subfield>
        </datafield>
        <datafield tag="955" ind1=" " ind2="k">
            <subfield code="6">655</subfield>
            <subfield code="w">g</subfield>
            <subfield code="a">Skönlitteratur</subfield>
            <subfield code="u">Deckare</subfield>
        </datafield>
        <datafield tag="955" ind1=" " ind2="s">
            <subfield code="6">655</subfield>
            <subfield code="a">CD-böcker</subfield>
            <subfield code="u">Ljudböcker</subfield>
        </datafield>
        <datafield tag="955" ind1=" " ind2="s">
            <subfield code="6">655</subfield>
            <subfield code="a">E-ljudböcker</subfield>
            <subfield code="u">Ljudböcker</subfield>
        </datafield>
        <datafield tag="955" ind1=" " ind2="s">
            <subfield code="6">655</subfield>
            <subfield code="a">Hörböcker</subfield>
            <subfield code="u">Ljudböcker</subfield>
        </datafield>
        <datafield tag="955" ind1=" " ind2="s">
            <subfield code="6">655</subfield>
            <subfield code="a">Kassettböcker</subfield>
            <subfield code="u">Ljudböcker</subfield>
        </datafield>
        <datafield tag="955" ind1=" " ind2="s">
            <subfield code="6">655</subfield>
            <subfield code="a">MP3-böcker</subfield>
            <subfield code="u">Ljudböcker</subfield>
        </datafield>
        <datafield tag="955" ind1=" " ind2="k">
            <subfield code="6">655</subfield>
            <subfield code="a">Talböcker</subfield>
            <subfield code="u">Ljudböcker</subfield>
        </datafield>
        <datafield tag="841" ind1=" " ind2=" ">
            <subfield code="5">Areb</subfield>
            <subfield code="a">u a</subfield>
            <subfield code="b">140707||0000|||||001||||||000000</subfield>
            <subfield code="e">1</subfield>
        </datafield>
        <datafield tag="887" ind1=" " ind2=" ">
            <subfield code="5">Areb</subfield>
            <subfield code="a">
                {"@id":"z39z3ns4170f9cv","modified":"2014-08-25T11:16:34+02:00","checksum":"4172309286"} </subfield>
            <subfield code="2">librisxl</subfield>
        </datafield>
        <datafield tag="841" ind1=" " ind2=" ">
            <subfield code="5">Arja</subfield>
            <subfield code="a">x a</subfield>
            <subfield code="b">140124||0000|||||001||||||000000</subfield>
            <subfield code="e">1</subfield>
        </datafield>
        <datafield tag="887" ind1=" " ind2=" ">
            <subfield code="5">Arja</subfield>
            <subfield code="a">
                {"@id":"bgn7fqph4tgx1k3","modified":"2014-01-24T13:13:43+01:00","checksum":"7263124637"} </subfield>
            <subfield code="2">librisxl</subfield>
        </datafield>
        <datafield tag="841" ind1=" " ind2=" ">
            <subfield code="5">Arlo</subfield>
            <subfield code="a">u a</subfield>
            <subfield code="b">160125||0000|||||001||||||000000</subfield>
            <subfield code="e">1</subfield>
        </datafield>
        <datafield tag="887" ind1=" " ind2=" ">
            <subfield code="5">Arlo</subfield>
            <subfield code="a">
                {"@id":"9fnkb04g0xxtw0z","modified":"2016-01-25T13:10:52+01:00","checksum":"11506017812"} </subfield>
            <subfield code="2">librisxl</subfield>
        </datafield>
        <datafield tag="841" ind1=" " ind2=" ">
            <subfield code="5">Arvk</subfield>
            <subfield code="a">x a</subfield>
            <subfield code="b">140123||0000|||||001||||||000000</subfield>
            <subfield code="e">1</subfield>
        </datafield>
        <datafield tag="887" ind1=" " ind2=" ">
            <subfield code="5">Arvk</subfield>
            <subfield code="a">
                {"@id":"8dl5bk9f2wh2dhh","modified":"2014-01-23T16:13:26+01:00","checksum":"-703440510"} </subfield>
            <subfield code="2">librisxl</subfield>
        </datafield>
        <datafield tag="841" ind1=" " ind2=" ">
            <subfield code="5">BOKR</subfield>
            <subfield code="a">x a</subfield>
            <subfield code="b">180221||0000|||||000||||||000000</subfield>
            <subfield code="e">1</subfield>
        </datafield>
        <datafield tag="887" ind1=" " ind2=" ">
            <subfield code="5">BOKR</subfield>
            <subfield code="a">
                {"@id":"15dtksv63g9l4s6","modified":"2018-09-06T09:01:31.806+02:00","checksum":"-860747959"} </subfield>
            <subfield code="2">librisxl</subfield>
        </datafield>
        <datafield tag="841" ind1=" " ind2=" ">
            <subfield code="5">Bo</subfield>
            <subfield code="a">u a</subfield>
            <subfield code="b">140401||0000|||||001||||||000000</subfield>
            <subfield code="e">1</subfield>
        </datafield>
        <datafield tag="035" ind1=" " ind2=" ">
            <subfield code="5">Bo</subfield>
            <subfield code="a">(Bo)529597</subfield>
        </datafield>
        <datafield tag="887" ind1=" " ind2=" ">
            <subfield code="5">Bo</subfield>
            <subfield code="a">
                {"@id":"jnvhz30p2c65jg3","modified":"2014-04-01T12:26:56+02:00","checksum":"-8178151433"} </subfield>
            <subfield code="2">librisxl</subfield>
        </datafield>
        <datafield tag="841" ind1=" " ind2=" ">
            <subfield code="5">Fili</subfield>
            <subfield code="a">x a</subfield>
            <subfield code="b">140120||0000|||||001||||||000000</subfield>
            <subfield code="e">1</subfield>
        </datafield>
        <datafield tag="887" ind1=" " ind2=" ">
            <subfield code="5">Fili</subfield>
            <subfield code="a">
                {"@id":"48g13jj93v3kdsx","modified":"2014-01-20T12:12:45+01:00","checksum":"-1094524510"} </subfield>
            <subfield code="2">librisxl</subfield>
        </datafield>
        <datafield tag="841" ind1=" " ind2=" ">
            <subfield code="5">Forh</subfield>
            <subfield code="a">x a</subfield>
            <subfield code="b">140110||0000|||||001||||||000000</subfield>
            <subfield code="e">1</subfield>
        </datafield>
        <datafield tag="887" ind1=" " ind2=" ">
            <subfield code="5">Forh</subfield>
            <subfield code="a">
                {"@id":"glsc5r5m5rfrhkp","modified":"2014-01-10T14:11:19+01:00","checksum":"5327765258"} </subfield>
            <subfield code="2">librisxl</subfield>
        </datafield>
        <datafield tag="841" ind1=" " ind2=" ">
            <subfield code="5">Gbg</subfield>
            <subfield code="a">x a</subfield>
            <subfield code="b">140109||0000|||||000||||||000000</subfield>
            <subfield code="e">1</subfield>
        </datafield>
        <datafield tag="887" ind1=" " ind2=" ">
            <subfield code="5">Gbg</subfield>
            <subfield code="a">
                {"@id":"tz5qgmg02z05bkh","modified":"2014-01-09T08:06:06+01:00","checksum":"7258409336"} </subfield>
            <subfield code="2">librisxl</subfield>
        </datafield>
        <datafield tag="841" ind1=" " ind2=" ">
            <subfield code="5">Kld1</subfield>
            <subfield code="a">x a</subfield>
            <subfield code="b">140130||0000|||||002||||||000000</subfield>
            <subfield code="e">1</subfield>
        </datafield>
        <datafield tag="887" ind1=" " ind2=" ">
            <subfield code="5">Kld1</subfield>
            <subfield code="a">
                {"@id":"37f1bpz80zmkplz","modified":"2014-02-10T15:27:04+01:00","checksum":"3167435432"} </subfield>
            <subfield code="2">librisxl</subfield>
        </datafield>
        <datafield tag="841" ind1=" " ind2=" ">
            <subfield code="5">Kssb</subfield>
            <subfield code="a">x a</subfield>
            <subfield code="b">131202||0000|||||000||||||000000</subfield>
            <subfield code="e">1</subfield>
        </datafield>
        <datafield tag="887" ind1=" " ind2=" ">
            <subfield code="5">Kssb</subfield>
            <subfield code="a">
                {"@id":"x28t9vk31r03vps","modified":"2013-12-02T09:15:50+01:00","checksum":"1988353632"} </subfield>
            <subfield code="2">librisxl</subfield>
        </datafield>
        <datafield tag="841" ind1=" " ind2=" ">
            <subfield code="5">Leru</subfield>
            <subfield code="a">x a</subfield>
            <subfield code="b">140114||0000|||||000||||||000000</subfield>
            <subfield code="e">1</subfield>
        </datafield>
        <datafield tag="887" ind1=" " ind2=" ">
            <subfield code="5">Leru</subfield>
            <subfield code="a">
                {"@id":"37f0tjm8348grcc","modified":"2014-01-27T17:29:19+01:00","checksum":"1887779825"} </subfield>
            <subfield code="2">librisxl</subfield>
        </datafield>
        <datafield tag="841" ind1=" " ind2=" ">
            <subfield code="5">Lobj</subfield>
            <subfield code="a">u a</subfield>
            <subfield code="b">150622||0000|||||001||||||000000</subfield>
            <subfield code="e">1</subfield>
        </datafield>
        <datafield tag="887" ind1=" " ind2=" ">
            <subfield code="5">Lobj</subfield>
            <subfield code="a">
                {"@id":"x293m2133qcg174","modified":"2015-06-22T11:07:53+02:00","checksum":"5283568160"} </subfield>
            <subfield code="2">librisxl</subfield>
        </datafield>
        <datafield tag="841" ind1=" " ind2=" ">
            <subfield code="5">Mo</subfield>
            <subfield code="a">x a</subfield>
            <subfield code="b">140107||0000|||||000||||||000000</subfield>
            <subfield code="e">1</subfield>
        </datafield>
        <datafield tag="887" ind1=" " ind2=" ">
            <subfield code="5">Mo</subfield>
            <subfield code="a">
                {"@id":"pt1l9n1v2lbzj86","modified":"2014-04-23T17:51:44+02:00","checksum":"-6121022635"} </subfield>
            <subfield code="2">librisxl</subfield>
        </datafield>
        <datafield tag="841" ind1=" " ind2=" ">
            <subfield code="5">Tkb</subfield>
            <subfield code="a">x a</subfield>
            <subfield code="b">131206||0000|||||000||||||000000</subfield>
            <subfield code="e">|</subfield>
        </datafield>
        <datafield tag="887" ind1=" " ind2=" ">
            <subfield code="5">Tkb</subfield>
            <subfield code="a">
                {"@id":"w17sbr925sxfgjr","modified":"2014-01-29T11:04:16+01:00","checksum":"5222526582"} </subfield>
            <subfield code="2">librisxl</subfield>
        </datafield>
        <datafield tag="841" ind1=" " ind2=" ">
            <subfield code="5">Torb</subfield>
            <subfield code="a">x a</subfield>
            <subfield code="b">140203||0000|||||001||||||000000</subfield>
            <subfield code="e">1</subfield>
        </datafield>
        <datafield tag="887" ind1=" " ind2=" ">
            <subfield code="5">Torb</subfield>
            <subfield code="a">
                {"@id":"tz5r4mh00w1jbp4","modified":"2014-02-03T16:18:31+01:00","checksum":"3368690254"} </subfield>
            <subfield code="2">librisxl</subfield>
        </datafield>
        <datafield tag="841" ind1=" " ind2=" ">
            <subfield code="5">Udd</subfield>
            <subfield code="a">x a</subfield>
            <subfield code="b">140204||0000|||||000||||||000000</subfield>
            <subfield code="e">|</subfield>
        </datafield>
        <datafield tag="887" ind1=" " ind2=" ">
            <subfield code="5">Udd</subfield>
            <subfield code="a">
                {"@id":"6bj4jhpc34911xp","modified":"2014-02-05T10:17:53+01:00","checksum":"5979705749"} </subfield>
            <subfield code="2">librisxl</subfield>
        </datafield>
    </record>