
    <record>
        <leader>06056cim a22011537a 4500</leader>
        <controlfield tag="001">14791141</controlfield>
        <controlfield tag="003">SE-LIBR</controlfield>
        <controlfield tag="005">20160112162327.0</controlfield>
        <controlfield tag="007">sd ||||||||||| </controlfield>
        <controlfield tag="008">131106s2014 sw | ||||||||||f | swe|c</controlfield>
        <datafield tag="020" ind1=" " ind2=" ">
            <subfield code="a">9789173487740</subfield>
            <subfield code="q">MP3 CD</subfield>
        </datafield>
        <datafield tag="035" ind1=" " ind2=" ">
            <subfield code="a">(BOKR)9789173487740</subfield>
        </datafield>
        <datafield tag="040" ind1=" " ind2=" ">
            <subfield code="a">BOKR</subfield>
            <subfield code="d">Leru</subfield>
            <subfield code="d">Kld1</subfield>
        </datafield>
        <datafield tag="041" ind1="1" ind2=" ">
            <subfield code="a">swe</subfield>
            <subfield code="h">nor</subfield>
        </datafield>
        <datafield tag="082" ind1="0" ind2="4">
            <subfield code="a">839.78</subfield>
            <subfield code="2">22 (machine generated)</subfield>
        </datafield>
        <datafield tag="084" ind1=" " ind2=" ">
            <subfield code="a">Hcedb.01/LC</subfield>
            <subfield code="2">kssb/8</subfield>
        </datafield>
        <datafield tag="100" ind1="1" ind2=" ">
            <subfield code="a">Fossum, Karin</subfield>
            <subfield code="d">1954-</subfield>
            <subfield code="e">author</subfield>
            <subfield code="1">http://viaf.org/viaf/120627630</subfield>
            <subfield code="4">aut</subfield>
        </datafield>
        <datafield tag="240" ind1="1" ind2="0">
            <subfield code="a">Carmen Zita og døden</subfield>
            <subfield code="l">Svenska</subfield>
            <subfield code="1">http://viaf.org/viaf/4264151051990833530003</subfield>
        </datafield>
        <datafield tag="245" ind1="1" ind2="0">
            <subfield code="a">Carmen och döden</subfield>
            <subfield code="b">kriminalroman</subfield>
            <subfield code="h">[Ljudupptagning]</subfield>
            <subfield code="b">[en Konrad Sejer-deckare]</subfield>
            <subfield code="c">Karin Fossum ; översättning: Margareta Järnebrand</subfield>
        </datafield>
        <datafield tag="263" ind1=" " ind2=" ">
            <subfield code="a">201401</subfield>
        </datafield>
        <datafield tag="264" ind1=" " ind2="1">
            <subfield code="a">Stockholm</subfield>
            <subfield code="b">Bonnier Audio</subfield>
            <subfield code="c">2014</subfield>
        </datafield>
        <datafield tag="300" ind1=" " ind2=" ">
            <subfield code="a">1 MP3-CD (6 tim., 50 min.)</subfield>
        </datafield>
        <datafield tag="336" ind1=" " ind2=" ">
          <subfield code="a">spoken word</subfield>
          <subfield code="b">spw</subfield>
          <subfield code="2">rdacontent</subfield>
          <subfield code="0">http://rdaregistry.info/termList/RDAContentType/1020</subfield>
        </datafield>
        <datafield tag="337" ind1=" " ind2=" ">
          <subfield code="a">audio</subfield>
          <subfield code="b">s</subfield>
          <subfield code="2">rdamedia</subfield>
          <subfield code="0">http://www.rdaregistry.info/termList/RDAMediaType/1001</subfield>
        </datafield>
        <datafield tag="338" ind1=" " ind2=" ">
          <subfield code="a">audio disc</subfield>
          <subfield code="b">sd</subfield>
          <subfield code="2">rdacarrier</subfield>
          <subfield code="0">http://rdaregistry.info/termList/RDACarrierType/1004</subfield>
        </datafield>
        <datafield tag="380" ind1=" " ind2=" ">
            <subfield code="a">novel</subfield>
            <subfield code="2">marcgt</subfield>
        </datafield>
        <datafield tag="500" ind1=" " ind2=" ">
            <subfield code="a"> Serie/fortsättningsarbete: 1. Evas öga -- 2. Se dig inte om! -- 3.
                Den som fruktar vargen -- 4. När djävulen håller ljuset -- 5. Älskade Poona -- 6.
                Svarta sekunder -- 7. Mordet på Harriet Krohn -- 8. Den som älskar något annat -- 9.
                Den onda viljan -- 10. Döden skall du tåla -- 11. Carmen och döden -- 12.
                Helveteselden </subfield>
        </datafield>
        <datafield tag="500" ind1=" " ind2=" ">
            <subfield code="a">Ljudbok CD (mp3)</subfield>
        </datafield>
        <datafield tag="500" ind1=" " ind2=" ">
            <subfield code="a">Undertitel från omslag</subfield>
        </datafield>
        <datafield tag="511" ind1="1" ind2=" ">
            <subfield code="a">Inläsare: Torsten Wahlund</subfield>
        </datafield>
        <datafield tag="655" ind1=" " ind2="7">
            <subfield code="a">Deckare</subfield>
            <subfield code="0">https://id.kb.se/term/saogf/Deckare</subfield>
            <subfield code="2">saogf</subfield>
        </datafield>
        <datafield tag="655" ind1=" " ind2="7">
            <subfield code="a">Ljudböcker</subfield>
            <subfield code="0">https://id.kb.se/term/saogf/Ljudb%C3%B6cker</subfield>
            <subfield code="2">saogf</subfield>
        </datafield>
        <datafield tag="700" ind1="1" ind2=" ">
            <subfield code="a">Järnebrand, Margareta</subfield>
            <subfield code="d">1947-</subfield>
            <subfield code="e">translator</subfield>
            <subfield code="4">trl</subfield>
        </datafield>
        <datafield tag="700" ind1="1" ind2=" ">
            <subfield code="a">Wahlund, Torsten</subfield>
            <subfield code="e">narrator</subfield>
            <subfield code="4">nrt</subfield>
        </datafield>
        <datafield tag="887" ind1=" " ind2=" ">
            <subfield code="a">
                {"@id":"p715xtm1518m01m","modified":"2016-01-12T16:23:27+01:00","checksum":"126134205588"} </subfield>
            <subfield code="2">librisxl</subfield>
        </datafield>
        <datafield tag="955" ind1=" " ind2="s">
            <subfield code="6">655</subfield>
            <subfield code="a">CD-böcker</subfield>
            <subfield code="u">Ljudböcker</subfield>
        </datafield>
        <datafield tag="955" ind1=" " ind2="s">
            <subfield code="6">655</subfield>
            <subfield code="a">E-ljudböcker</subfield>
            <subfield code="u">Ljudböcker</subfield>
        </datafield>
        <datafield tag="955" ind1=" " ind2="s">
            <subfield code="6">655</subfield>
            <subfield code="a">Hörböcker</subfield>
            <subfield code="u">Ljudböcker</subfield>
        </datafield>
        <datafield tag="955" ind1=" " ind2="s">
            <subfield code="6">655</subfield>
            <subfield code="a">Kassettböcker</subfield>
            <subfield code="u">Ljudböcker</subfield>
        </datafield>
        <datafield tag="955" ind1=" " ind2="s">
            <subfield code="6">655</subfield>
            <subfield code="a">MP3-böcker</subfield>
            <subfield code="u">Ljudböcker</subfield>
        </datafield>
        <datafield tag="955" ind1=" " ind2="k">
            <subfield code="6">655</subfield>
            <subfield code="a">Talböcker</subfield>
            <subfield code="u">Ljudböcker</subfield>
        </datafield>
        <datafield tag="955" ind1=" " ind2="s">
            <subfield code="6">655</subfield>
            <subfield code="a">Detektivromaner</subfield>
            <subfield code="u">Deckare</subfield>
        </datafield>
        <datafield tag="955" ind1=" " ind2="s">
            <subfield code="6">655</subfield>
            <subfield code="w">||e</subfield>
            <subfield code="a">Historiska deckare</subfield>
            <subfield code="u">Deckare</subfield>
        </datafield>
        <datafield tag="955" ind1=" " ind2="s">
            <subfield code="6">655</subfield>
            <subfield code="w">||e</subfield>
            <subfield code="a">Hårdkokta deckare</subfield>
            <subfield code="u">Deckare</subfield>
        </datafield>
        <datafield tag="955" ind1=" " ind2="s">
            <subfield code="6">655</subfield>
            <subfield code="a">Kriminalromaner</subfield>
            <subfield code="u">Deckare</subfield>
        </datafield>
        <datafield tag="955" ind1=" " ind2="s">
            <subfield code="6">655</subfield>
            <subfield code="w">||e</subfield>
            <subfield code="a">Polisromaner</subfield>
            <subfield code="u">Deckare</subfield>
        </datafield>
        <datafield tag="955" ind1=" " ind2="s">
            <subfield code="6">655</subfield>
            <subfield code="w">||e</subfield>
            <subfield code="a">Psykologiska deckare</subfield>
            <subfield code="u">Deckare</subfield>
        </datafield>
        <datafield tag="955" ind1=" " ind2="s">
            <subfield code="6">655</subfield>
            <subfield code="w">||e</subfield>
            <subfield code="a">Pusseldeckare</subfield>
            <subfield code="u">Deckare</subfield>
        </datafield>
        <datafield tag="955" ind1=" " ind2="k">
            <subfield code="6">655</subfield>
            <subfield code="w">g</subfield>
            <subfield code="a">Skönlitteratur</subfield>
            <subfield code="u">Deckare</subfield>
        </datafield>
        <datafield tag="841" ind1=" " ind2=" ">
            <subfield code="5">Arlo</subfield>
            <subfield code="a">u a</subfield>
            <subfield code="b">160125||0000|||||001||||||000000</subfield>
            <subfield code="e">1</subfield>
        </datafield>
        <datafield tag="887" ind1=" " ind2=" ">
            <subfield code="5">Arlo</subfield>
            <subfield code="a">
                {"@id":"6bkg7vpc5t0v2nf","modified":"2016-01-25T13:04:13+01:00","checksum":"1364453049"} </subfield>
            <subfield code="2">librisxl</subfield>
        </datafield>
        <datafield tag="841" ind1=" " ind2=" ">
            <subfield code="5">Arvk</subfield>
            <subfield code="a">x a</subfield>
            <subfield code="b">140123||0000|||||001||||||000000</subfield>
            <subfield code="e">1</subfield>
        </datafield>
        <datafield tag="887" ind1=" " ind2=" ">
            <subfield code="5">Arvk</subfield>
            <subfield code="a">
                {"@id":"rw3nt2rx2qrzcpz","modified":"2014-01-23T16:13:14+01:00","checksum":"4561132905"} </subfield>
            <subfield code="2">librisxl</subfield>
        </datafield>
        <datafield tag="841" ind1=" " ind2=" ">
            <subfield code="5">BOKR</subfield>
            <subfield code="a">x a</subfield>
            <subfield code="b">180221||0000|||||000||||||000000</subfield>
            <subfield code="e">1</subfield>
        </datafield>
        <datafield tag="887" ind1=" " ind2=" ">
            <subfield code="5">BOKR</subfield>
            <subfield code="a">
                {"@id":"mr0f5rts17t9vl4","modified":"2018-09-06T09:10:55.375+02:00","checksum":"-9256193472"} </subfield>
            <subfield code="2">librisxl</subfield>
        </datafield>
        <datafield tag="841" ind1=" " ind2=" ">
            <subfield code="5">Bo</subfield>
            <subfield code="a">u a</subfield>
            <subfield code="b">140401||0000|||||001||||||000000</subfield>
            <subfield code="e">1</subfield>
        </datafield>
        <datafield tag="035" ind1=" " ind2=" ">
            <subfield code="5">Bo</subfield>
            <subfield code="a">(Bo)530703</subfield>
        </datafield>
        <datafield tag="887" ind1=" " ind2=" ">
            <subfield code="5">Bo</subfield>
            <subfield code="a">
                {"@id":"z39xdjq43nvzqmv","modified":"2014-04-01T12:27:30+02:00","checksum":"-2646787801"} </subfield>
            <subfield code="2">librisxl</subfield>
        </datafield>
        <datafield tag="841" ind1=" " ind2=" ">
            <subfield code="5">Eda</subfield>
            <subfield code="a">x a</subfield>
            <subfield code="b">140212||0000|||||001||||||000000</subfield>
            <subfield code="e">1</subfield>
        </datafield>
        <datafield tag="887" ind1=" " ind2=" ">
            <subfield code="5">Eda</subfield>
            <subfield code="a">
                {"@id":"59h3lslb0hp8qd9","modified":"2014-02-12T11:20:42+01:00","checksum":"-2793984236"} </subfield>
            <subfield code="2">librisxl</subfield>
        </datafield>
        <datafield tag="841" ind1=" " ind2=" ">
            <subfield code="5">Gbg</subfield>
            <subfield code="a">x a</subfield>
            <subfield code="b">140109||0000|||||000||||||000000</subfield>
            <subfield code="e">1</subfield>
        </datafield>
        <datafield tag="887" ind1=" " ind2=" ">
            <subfield code="5">Gbg</subfield>
            <subfield code="a">
                {"@id":"rw3ndkcx3rzw4b8","modified":"2014-01-09T08:06:02+01:00","checksum":"4821090459"} </subfield>
            <subfield code="2">librisxl</subfield>
        </datafield>
        <datafield tag="841" ind1=" " ind2=" ">
            <subfield code="5">Grum</subfield>
            <subfield code="a">x a</subfield>
            <subfield code="b">140115||0000|||||001||||||000000</subfield>
            <subfield code="e">1</subfield>
        </datafield>
        <datafield tag="887" ind1=" " ind2=" ">
            <subfield code="5">Grum</subfield>
            <subfield code="a">
                {"@id":"15cxt0t626vs1pp","modified":"2014-01-15T15:12:18+01:00","checksum":"6022429368"} </subfield>
            <subfield code="2">librisxl</subfield>
        </datafield>
        <datafield tag="841" ind1=" " ind2=" ">
            <subfield code="5">Hama</subfield>
            <subfield code="a">x a</subfield>
            <subfield code="b">140116||0000|||||001||||||000000</subfield>
            <subfield code="e">1</subfield>
        </datafield>
        <datafield tag="887" ind1=" " ind2=" ">
            <subfield code="5">Hama</subfield>
            <subfield code="a">
                {"@id":"pt1llwtv4hfn39d","modified":"2014-01-16T19:16:23+01:00","checksum":"-1237321873"} </subfield>
            <subfield code="2">librisxl</subfield>
        </datafield>
        <datafield tag="841" ind1=" " ind2=" ">
            <subfield code="5">Hylt</subfield>
            <subfield code="a">x a</subfield>
            <subfield code="b">150504||0000|||||000||||||000000</subfield>
            <subfield code="e">1</subfield>
        </datafield>
        <datafield tag="887" ind1=" " ind2=" ">
            <subfield code="5">Hylt</subfield>
            <subfield code="a">
                {"@id":"v0713pk12blldtf","modified":"2015-05-04T16:16:51+02:00","checksum":"2425904170"} </subfield>
            <subfield code="2">librisxl</subfield>
        </datafield>
        <datafield tag="841" ind1=" " ind2=" ">
            <subfield code="5">Kils</subfield>
            <subfield code="a">x a</subfield>
            <subfield code="b">140127||0000|||||001||||||000000</subfield>
            <subfield code="e">1</subfield>
        </datafield>
        <datafield tag="887" ind1=" " ind2=" ">
            <subfield code="5">Kils</subfield>
            <subfield code="a">
                {"@id":"bgn7g7nh51x3p7h","modified":"2014-01-27T18:28:57+01:00","checksum":"3076413331"} </subfield>
            <subfield code="2">librisxl</subfield>
        </datafield>
        <datafield tag="841" ind1=" " ind2=" ">
            <subfield code="5">Kld1</subfield>
            <subfield code="a">x a</subfield>
            <subfield code="b">140130||0000|||||002||||||000000</subfield>
            <subfield code="e">1</subfield>
        </datafield>
        <datafield tag="887" ind1=" " ind2=" ">
            <subfield code="5">Kld1</subfield>
            <subfield code="a">
                {"@id":"6bj4fs2c0mlv14b","modified":"2014-01-30T14:17:25+01:00","checksum":"-217461926"} </subfield>
            <subfield code="2">librisxl</subfield>
        </datafield>
        <datafield tag="841" ind1=" " ind2=" ">
            <subfield code="5">Kssb</subfield>
            <subfield code="a">x a</subfield>
            <subfield code="b">140124||0000||||4000||||||000000</subfield>
            <subfield code="e">1</subfield>
        </datafield>
        <datafield tag="887" ind1=" " ind2=" ">
            <subfield code="5">Kssb</subfield>
            <subfield code="a">
                {"@id":"kpwgn2dq1456jr8","modified":"2014-01-24T14:03:41+01:00","checksum":"-548566126"} </subfield>
            <subfield code="2">librisxl</subfield>
        </datafield>
        <datafield tag="841" ind1=" " ind2=" ">
            <subfield code="5">Leru</subfield>
            <subfield code="a">x a</subfield>
            <subfield code="b">140114||0000|||||000||||||000000</subfield>
            <subfield code="e">1</subfield>
        </datafield>
        <datafield tag="887" ind1=" " ind2=" ">
            <subfield code="5">Leru</subfield>
            <subfield code="a">
                {"@id":"26dzshl70jnznj8","modified":"2014-02-05T08:17:22+01:00","checksum":"515456679"} </subfield>
            <subfield code="2">librisxl</subfield>
        </datafield>
        <datafield tag="841" ind1=" " ind2=" ">
            <subfield code="5">Lobj</subfield>
            <subfield code="a">u a</subfield>
            <subfield code="b">150622||0000|||||001||||||000000</subfield>
            <subfield code="e">1</subfield>
        </datafield>
        <datafield tag="887" ind1=" " ind2=" ">
            <subfield code="5">Lobj</subfield>
            <subfield code="a">
                {"@id":"lqzrbv4r3kqks4j","modified":"2015-10-19T18:26:26+02:00","checksum":"-4001096964"} </subfield>
            <subfield code="2">librisxl</subfield>
        </datafield>
        <datafield tag="841" ind1=" " ind2=" ">
            <subfield code="5">Mo</subfield>
            <subfield code="a">x a</subfield>
            <subfield code="b">131127||0000|||||000||||||000000</subfield>
            <subfield code="e">1</subfield>
        </datafield>
        <datafield tag="887" ind1=" " ind2=" ">
            <subfield code="5">Mo</subfield>
            <subfield code="a">
                {"@id":"glscs76m2tjf5l4","modified":"2014-01-28T17:18:41+01:00","checksum":"-6586426029"} </subfield>
            <subfield code="2">librisxl</subfield>
        </datafield>
        <datafield tag="841" ind1=" " ind2=" ">
            <subfield code="5">Tkb</subfield>
            <subfield code="a">x a</subfield>
            <subfield code="b">140128||0000|||||000||||||000000</subfield>
            <subfield code="e">|</subfield>
        </datafield>
        <datafield tag="887" ind1=" " ind2=" ">
            <subfield code="5">Tkb</subfield>
            <subfield code="a">
                {"@id":"pt1mv2hv27s8gz3","modified":"2014-06-17T13:17:14+02:00","checksum":"-650601479"} </subfield>
            <subfield code="2">librisxl</subfield>
        </datafield>
        <datafield tag="841" ind1=" " ind2=" ">
            <subfield code="5">Udd</subfield>
            <subfield code="a">x a</subfield>
            <subfield code="b">140220||0000|||||000||||||000000</subfield>
            <subfield code="e">|</subfield>
        </datafield>
        <datafield tag="887" ind1=" " ind2=" ">
            <subfield code="5">Udd</subfield>
            <subfield code="a">
                {"@id":"37f1l2q82p3wbwc","modified":"2014-02-25T12:05:08+01:00","checksum":"-8942605636"} </subfield>
            <subfield code="2">librisxl</subfield>
        </datafield>
    </record>