
  <!-- Oxford -->
  <marc:record>
    <marc:leader>00838nam a2200265 a 4500</marc:leader>
    <marc:controlfield tag="001">015559070</marc:controlfield>
    <marc:controlfield tag="003">UkOxU</marc:controlfield>
    <marc:controlfield tag="005">20030910092508.0</marc:controlfield>
    <marc:controlfield tag="008">030212r20032002enk           000 1 eng d</marc:controlfield>
    <marc:datafield tag="015" ind1=" " ind2=" ">
      <marc:subfield code="a">GB A3-X8261</marc:subfield>
    </marc:datafield>
    <marc:datafield tag="020" ind1=" " ind2=" ">
      <marc:subfield code="a">0099452138</marc:subfield>
    </marc:datafield>
    <marc:datafield tag="035" ind1=" " ind2=" ">
      <marc:subfield code="a">BNB2738.768</marc:subfield>
    </marc:datafield>
    <marc:datafield tag="040" ind1=" " ind2=" ">
      <marc:subfield code="a">BDS</marc:subfield>
    </marc:datafield>
    <marc:datafield tag="041" ind1="1" ind2=" ">
      <marc:subfield code="a">eng</marc:subfield>
      <marc:subfield code="h">nor</marc:subfield>
    </marc:datafield>
    <marc:datafield tag="082" ind1="0" ind2=" ">
      <marc:subfield code="a">839.82374</marc:subfield>
      <marc:subfield code="2">21</marc:subfield>
    </marc:datafield>
    <marc:datafield tag="100" ind1="1" ind2=" ">
      <marc:subfield code="a">Fossum, Karin</marc:subfield>
      <marc:subfield code="d">1954-</marc:subfield>
      <marc:subfield code="e">author</marc:subfield>
      <marc:subfield code="1">http://viaf.org/viaf/120627630</marc:subfield>
      <marc:subfield code="4">aut</marc:subfield>
    </marc:datafield>
    <marc:datafield tag="240" ind1="1" ind2="0">
      <marc:subfield code="a">Se deg ikke tilbake!</marc:subfield>
      <marc:subfield code="l">English</marc:subfield>
      <marc:subfield code="1">http://viaf.org/viaf/9129151051843933530004</marc:subfield>
    </marc:datafield>
    <marc:datafield tag="245" ind1="1" ind2="0">
      <marc:subfield code="a">Don't look back</marc:subfield>
      <marc:subfield code="b">kriminalroman</marc:subfield>
      <marc:subfield code="c">Karin Fossum ; translated from the Norwegian by Felicity David</marc:subfield>
    </marc:datafield>
    <marc:datafield tag="260" ind1=" " ind2=" ">
      <marc:subfield code="a">London</marc:subfield>
      <marc:subfield code="b">Vintage</marc:subfield>
      <marc:subfield code="c">2003</marc:subfield>
    </marc:datafield>
    <marc:datafield tag="300" ind1=" " ind2=" ">
      <marc:subfield code="a">252 pages</marc:subfield>
      <marc:subfield code="c">18 cm</marc:subfield>
    </marc:datafield>
    <marc:datafield tag="336" ind1=" " ind2=" ">
      <marc:subfield code="a">text</marc:subfield>
      <marc:subfield code="b">txt</marc:subfield>
      <marc:subfield code="2">rdacontent</marc:subfield>
      <marc:subfield code="0">http://rdaregistry.info/termList/RDAContentType/1020</marc:subfield>
    </marc:datafield>
    <marc:datafield tag="337" ind1=" " ind2=" ">
      <marc:subfield code="a">unmediated</marc:subfield>
      <marc:subfield code="b">n</marc:subfield>
      <marc:subfield code="2">rdamedia</marc:subfield>
      <marc:subfield code="0">http://www.rdaregistry.info/termList/RDAMediaType/1007</marc:subfield>
    </marc:datafield>
    <marc:datafield tag="338" ind1=" " ind2=" ">
      <marc:subfield code="a">volume</marc:subfield>
      <marc:subfield code="b">nc</marc:subfield>
      <marc:subfield code="2">rdacarrier</marc:subfield>
      <marc:subfield code="0">http://rdaregistry.info/termList/RDACarrierType/1049</marc:subfield>
    </marc:datafield>
    <marc:datafield tag="380" ind1=" " ind2=" ">
      <marc:subfield code="a">novel</marc:subfield>
      <marc:subfield code="2">marcgt</marc:subfield>
    </marc:datafield>
    <marc:datafield tag="500" ind1=" " ind2=" ">
      <marc:subfield code="a">"An Inspector Sejer mystery."</marc:subfield>
    </marc:datafield>
    <marc:datafield tag="500" ind1=" " ind2=" ">
      <marc:subfield code="a">This translation originally published: London : Harvill, 2002.</marc:subfield>
    </marc:datafield>
    <marc:datafield tag="650" ind1=" " ind2="0">
      <marc:subfield code="a">Village communities</marc:subfield>
      <marc:subfield code="z">Norway</marc:subfield>
      <marc:subfield code="v">Fiction.</marc:subfield>
    </marc:datafield>
    <marc:datafield tag="700" ind1="1" ind2=" ">
      <marc:subfield code="a">David, Felicity</marc:subfield>
      <marc:subfield code="e">translator</marc:subfield>
      <marc:subfield code="1">http://viaf.org/viaf/16599708</marc:subfield>
      <marc:subfield code="4">trl</marc:subfield>
    </marc:datafield>
  </marc:record>