
  <marc:record>
    <marc:leader>01150cam a2200337 c 4500</marc:leader>
    <marc:controlfield tag="001">991422239304702201</marc:controlfield>
    <marc:controlfield tag="005">20160622161034.0</marc:controlfield>
    <marc:controlfield tag="007">ta</marc:controlfield>
    <marc:controlfield tag="008">140808s2014    no#|||||||||||000|f|nob| </marc:controlfield>
    <marc:datafield tag="015" ind1=" " ind2=" ">
      <marc:subfield code="a">1422954</marc:subfield>
      <marc:subfield code="2">nbf</marc:subfield>
    </marc:datafield>
    <marc:datafield tag="020" ind1=" " ind2=" ">
      <marc:subfield code="a">9788203219788</marc:subfield>
      <marc:subfield code="q">h.</marc:subfield>
      <marc:subfield code="c">Nkr 149.00</marc:subfield>
    </marc:datafield>
    <marc:datafield tag="035" ind1=" " ind2=" ">
      <marc:subfield code="a">14222393x-47bibsys_network</marc:subfield>
    </marc:datafield>
    <marc:datafield tag="035" ind1=" " ind2=" ">
      <marc:subfield code="a">(NO-TrBIB)14222393x</marc:subfield>
    </marc:datafield>
    <marc:datafield tag="035" ind1=" " ind2=" ">
      <marc:subfield code="a">(NO-OsBA)0395331</marc:subfield>
    </marc:datafield>
    <marc:datafield tag="040" ind1=" " ind2=" ">
      <marc:subfield code="a">NO-OsNB</marc:subfield>
      <marc:subfield code="b">nob</marc:subfield>
      <marc:subfield code="e">katreg</marc:subfield>
    </marc:datafield>
    <marc:datafield tag="041" ind1="1" ind2=" ">
      <marc:subfield code="h">dan</marc:subfield>
    </marc:datafield>
    <marc:datafield tag="042" ind1=" " ind2=" ">
      <marc:subfield code="a">norbibl</marc:subfield>
    </marc:datafield>
    <marc:datafield tag="044" ind1=" " ind2=" ">
      <marc:subfield code="c">no</marc:subfield>
    </marc:datafield>
    <marc:datafield tag="082" ind1="7" ind2="4">
      <marc:subfield code="a">839.813</marc:subfield>
      <marc:subfield code="q">NO-OsNB</marc:subfield>
      <marc:subfield code="2">5/nor</marc:subfield>
    </marc:datafield>
    <marc:datafield tag="100" ind1="1" ind2=" ">
      <marc:subfield code="a">Adler-Olsen, Jussi</marc:subfield>
      <marc:subfield code="d">1950-</marc:subfield>
      <marc:subfield code="e">author</marc:subfield>
      <marc:subfield code="1">http://viaf.org/viaf/87407021</marc:subfield>
      <marc:subfield code="4">aut</marc:subfield>
    </marc:datafield>
    <marc:datafield tag="240" ind1="1" ind2=" ">
      <marc:subfield code="a">Marco-effekten</marc:subfield>
      <marc:subfield code="l">norsk</marc:subfield>
      <marc:subfield code="1">http://viaf.org/3859154867602060100008</marc:subfield>
    </marc:datafield>
    <marc:datafield tag="245" ind1="1" ind2="0">
      <marc:subfield code="a">Marco-effekten</marc:subfield>
      <marc:subfield code="c">Jussi Adler-Olsen ; oversatt fra dansk av Elisabeth Bjørnson og Øyvind Reisegg</marc:subfield>
    </marc:datafield>
    <marc:datafield tag="246" ind1="1" ind2=" ">
      <marc:subfield code="a">Marco-effekten</marc:subfield>
      <marc:subfield code="i">Originaltittel</marc:subfield>
    </marc:datafield>
    <marc:datafield tag="260" ind1=" " ind2=" ">
      <marc:subfield code="a">Oslo</marc:subfield>
      <marc:subfield code="b">Aschehoug</marc:subfield>
      <marc:subfield code="c">2014</marc:subfield>
    </marc:datafield>
    <marc:datafield tag="300" ind1=" " ind2=" ">
      <marc:subfield code="a">558 s.</marc:subfield>
    </marc:datafield>
    <marc:datafield tag="336" ind1=" " ind2=" ">
            <marc:subfield code="a">text</marc:subfield>
            <marc:subfield code="b">txt</marc:subfield>
            <marc:subfield code="0">http://rdaregistry.info/termList/RDAContentType/1020</marc:subfield>
            <marc:subfield code="2">rdacontent</marc:subfield>
        </marc:datafield>
    <marc:datafield tag="500" ind1=" " ind2=" ">
      <marc:subfield code="a">1. norske utg. 2013</marc:subfield>
    </marc:datafield>
    <marc:datafield tag="700" ind1="1" ind2=" ">
      <marc:subfield code="a">Bjørnson, Elisabeth,</marc:subfield>
      <marc:subfield code="d">1948-</marc:subfield>
      <marc:subfield code="1">http://viaf.org/viaf/265418529</marc:subfield>
      <marc:subfield code="4">trl</marc:subfield>
    </marc:datafield>
    <marc:datafield tag="700" ind1="1" ind2=" ">
      <marc:subfield code="a">Reisegg, Øyvind,</marc:subfield>
      <marc:subfield code="d">1947-</marc:subfield>
      <marc:subfield code="1">http://viaf.org/viaf/275260852</marc:subfield>
      <marc:subfield code="4">trl</marc:subfield>
    </marc:datafield>
    <marc:datafield tag="856" ind1="4" ind2="2">
      <marc:subfield code="3">Beskrivelse fra forlaget (kort)</marc:subfield>
      <marc:subfield code="u">http://content.bibsys.no/content/?type=descr_publ_brief&amp;isbn=8203219780</marc:subfield>
    </marc:datafield>
  </marc:record>