
  <marc:record>
    <marc:leader>00567nam a22001810  450 </marc:leader>
    <marc:controlfield tag="001">27188648</marc:controlfield>
    <marc:controlfield tag="005">20170809151641.0</marc:controlfield>
    <marc:controlfield tag="008">000000s2008    dk            00| f dan d</marc:controlfield>
    <marc:datafield tag="020" ind1=" " ind2=" ">
      <marc:subfield code="c">pris ikke oplyst</marc:subfield>
    </marc:datafield>
    <marc:datafield tag="084" ind1=" " ind2=" ">
      <marc:subfield code="a">86:06</marc:subfield>
      <marc:subfield code="2">z</marc:subfield>
    </marc:datafield>
    <marc:datafield tag="100" ind1="1" ind2=" ">
      <marc:subfield code="a">Adler-Olsen, Jussi.</marc:subfield>
      <marc:subfield code="d">1950-</marc:subfield>
      <marc:subfield code="e">author</marc:subfield>
      <marc:subfield code="1">http://viaf.org/viaf/87407021</marc:subfield>
      <marc:subfield code="4">aut</marc:subfield>
    </marc:datafield>
    <marc:datafield tag="240" ind1="1" ind2=" ">
      <marc:subfield code="a">Kvinden i buret</marc:subfield>
      <marc:subfield code="l">dansk</marc:subfield>
      <marc:subfield code="1">http://viaf.org/6990151656331308400003</marc:subfield>
    </marc:datafield>
    <marc:datafield tag="245" ind1="1" ind2="0">
      <marc:subfield code="a">Kvinden i buret :</marc:subfield>
      <marc:subfield code="b">krimi /</marc:subfield>
      <marc:subfield code="c">Jussi Adler-Olsen.</marc:subfield>
    </marc:datafield>
    <marc:datafield tag="250" ind1=" " ind2=" ">
      <marc:subfield code="a">2. udgave (Sr̆udgave), 1. oplag.</marc:subfield>
    </marc:datafield>
    <marc:datafield tag="260" ind1=" " ind2=" ">
      <marc:subfield code="a">København</marc:subfield>
      <marc:subfield code="b">Politiken ;</marc:subfield>
      <marc:subfield code="a">[S.l.] :</marc:subfield>
      <marc:subfield code="b">til Dansk Supermarked,</marc:subfield>
      <marc:subfield code="c">2008.</marc:subfield>
    </marc:datafield>
    <marc:datafield tag="300" ind1=" " ind2=" ">
      <marc:subfield code="a">378 sider.</marc:subfield>
    </marc:datafield>
    <marc:datafield tag="336" ind1=" " ind2=" ">
            <marc:subfield code="a">text</marc:subfield>
            <marc:subfield code="b">txt</marc:subfield>
            <marc:subfield code="0">http://rdaregistry.info/termList/RDAContentType/1020</marc:subfield>
            <marc:subfield code="2">rdacontent</marc:subfield>
        </marc:datafield>
    <marc:datafield tag="440" ind1=" " ind2=" ">
      <marc:subfield code="a">Afdeling Q ;</marc:subfield>
      <marc:subfield code="v">[1]</marc:subfield>
    </marc:datafield>
    <marc:datafield tag="534" ind1=" " ind2=" ">
      <marc:subfield code="a">Tidligere: 1. udgave. Kbh. : Politiken, 2007.</marc:subfield>
    </marc:datafield>
    <marc:datafield tag="534" ind1=" " ind2=" ">
      <marc:subfield code="a">1. oplag. 2008.</marc:subfield>
    </marc:datafield>
  </marc:record>