
  <marc:record>
    <marc:leader>00481nam a22001690  450 </marc:leader>
    <marc:controlfield tag="001">28043872</marc:controlfield>
    <marc:controlfield tag="005">20170809151641.0</marc:controlfield>
    <marc:controlfield tag="008">000000s2009    dk            00| f dan d</marc:controlfield>
    <marc:datafield tag="020" ind1=" " ind2=" ">
      <marc:subfield code="c">kr. 219,00 (kun for medlemmer)</marc:subfield>
    </marc:datafield>
    <marc:datafield tag="084" ind1=" " ind2=" ">
      <marc:subfield code="a">86:06</marc:subfield>
      <marc:subfield code="2">z</marc:subfield>
    </marc:datafield>
    <marc:datafield tag="100" ind1="1" ind2=" ">
      <marc:subfield code="a">Adler-Olsen, Jussi.</marc:subfield>
      <marc:subfield code="d">1950-</marc:subfield>
      <marc:subfield code="e">author</marc:subfield>
      <marc:subfield code="1">http://viaf.org/viaf/87407021</marc:subfield>
      <marc:subfield code="4">aut</marc:subfield>
    </marc:datafield>
    <marc:datafield tag="240" ind1="1" ind2=" ">
      <marc:subfield code="a">Flaskepost fra P</marc:subfield>
      <marc:subfield code="l">dansk</marc:subfield>
      <marc:subfield code="1">http://viaf.org/1177151656224808400000</marc:subfield>
    </marc:datafield>
    <marc:datafield tag="245" ind1="1" ind2="0">
      <marc:subfield code="a">Flaskepost fra P :</marc:subfield>
      <marc:subfield code="b">krimithriller.</marc:subfield>
    </marc:datafield>
    <marc:datafield tag="250" ind1=" " ind2=" ">
      <marc:subfield code="a">1. bogklubudgave, 1. oplag.</marc:subfield>
    </marc:datafield>
    <marc:datafield tag="260" ind1=" " ind2=" ">
      <marc:subfield code="a">København</marc:subfield>
      <marc:subfield code="b">Gyldendals Bogklubber</marc:subfield>
      <marc:subfield code="c">2009</marc:subfield>
    </marc:datafield>
    <marc:datafield tag="300" ind1=" " ind2=" ">
      <marc:subfield code="a">485 sider.</marc:subfield>
    </marc:datafield>
    <marc:datafield tag="336" ind1=" " ind2=" ">
            <marc:subfield code="a">text</marc:subfield>
            <marc:subfield code="b">txt</marc:subfield>
            <marc:subfield code="0">http://rdaregistry.info/termList/RDAContentType/1020</marc:subfield>
            <marc:subfield code="2">rdacontent</marc:subfield>
        </marc:datafield>
    <marc:datafield tag="440" ind1=" " ind2=" ">
      <marc:subfield code="a">Afdeling Q ;</marc:subfield>
      <marc:subfield code="v">[3]</marc:subfield>
    </marc:datafield>
    <marc:datafield tag="534" ind1=" " ind2=" ">
      <marc:subfield code="a">1. oplag. 2009.</marc:subfield>
    </marc:datafield>
  </marc:record>