
  <marc:record>
    <marc:leader>00507nam a22001810  450 </marc:leader>
    <marc:controlfield tag="001">29754519</marc:controlfield>
    <marc:controlfield tag="005">20170809151807.0</marc:controlfield>
    <marc:controlfield tag="008">000000r20132012dk            00| f dan d</marc:controlfield>
    <marc:datafield tag="084" ind1=" " ind2=" ">
      <marc:subfield code="a">86:06</marc:subfield>
      <marc:subfield code="2">z</marc:subfield>
    </marc:datafield>
    <marc:datafield tag="100" ind1="1" ind2=" ">
      <marc:subfield code="a">Adler-Olsen, Jussi.</marc:subfield>
      <marc:subfield code="d">1950-</marc:subfield>
       <marc:subfield code="e">Author</marc:subfield>
      <marc:subfield code="1">http://viaf.org/viaf/87407021</marc:subfield>
      <marc:subfield code="4">aut</marc:subfield>
    </marc:datafield>
    <marc:datafield tag="240" ind1="1" ind2=" ">
      <marc:subfield code="a">Marco effekten</marc:subfield>
      <marc:subfield code="l">dansk</marc:subfield>
      <marc:subfield code="1">http://viaf.org/3859154867602060100008</marc:subfield>
    </marc:datafield>
    <marc:datafield tag="245" ind1="1" ind2="0">
      <marc:subfield code="a">Marco effekten :</marc:subfield>
      <marc:subfield code="b">krimithriller.</marc:subfield>
    </marc:datafield>
    <marc:datafield tag="250" ind1=" " ind2=" ">
      <marc:subfield code="a">2. udgave (Sr̆udgave).</marc:subfield>
    </marc:datafield>
    <marc:datafield tag="260" ind1=" " ind2=" ">
      <marc:subfield code="a">København</marc:subfield>
      <marc:subfield code="b">Politiken</marc:subfield>
      <marc:subfield code="c">2012</marc:subfield>
    </marc:datafield>
    <marc:datafield tag="300" ind1=" " ind2=" ">
      <marc:subfield code="a">505 sider.</marc:subfield>
    </marc:datafield>
    <marc:datafield tag="336" ind1=" " ind2=" ">
            <marc:subfield code="a">text</marc:subfield>
            <marc:subfield code="b">txt</marc:subfield>
            <marc:subfield code="0">http://rdaregistry.info/termList/RDAContentType/1020</marc:subfield>
            <marc:subfield code="2">rdacontent</marc:subfield>
        </marc:datafield>
    <marc:datafield tag="440" ind1=" " ind2=" ">
      <marc:subfield code="a">Afdeling Q ;</marc:subfield>
      <marc:subfield code="v">5</marc:subfield>
    </marc:datafield>
    <marc:datafield tag="534" ind1=" " ind2=" ">
      <marc:subfield code="a">Tidligere 1. udgave. 2012297051199788756799065.</marc:subfield>
    </marc:datafield>
    <marc:datafield tag="534" ind1=" " ind2=" ">
      <marc:subfield code="a">1. oplag. 2012.</marc:subfield>
    </marc:datafield>
    <marc:datafield tag="534" ind1=" " ind2=" ">
      <marc:subfield code="a">2. oplag. 2013.</marc:subfield>
    </marc:datafield>
  </marc:record>