
  <!-- Libris -->
  <record>
    <leader>03672cam a22009137i 4500</leader>
    <controlfield tag="001">22211499</controlfield>
    <controlfield tag="003">SE-LIBR</controlfield>
    <controlfield tag="005">20180910170031.0</controlfield>
    <controlfield tag="008">180105s2017 ru ||||e||||||000 f|rus|d</controlfield>
    <datafield tag="020" ind1=" " ind2=" ">
      <subfield code="a">9785699993802</subfield>
    </datafield>
    <datafield tag="020" ind1=" " ind2=" ">
      <subfield code="a">5699993800</subfield>
    </datafield>
    <datafield tag="035" ind1=" " ind2=" ">
      <subfield code="a">(OCoLC)on1013716946</subfield>
    </datafield>
    <datafield tag="040" ind1=" " ind2=" ">
      <subfield code="a">NYP</subfield>
      <subfield code="b">eng</subfield>
      <subfield code="c">NYP</subfield>
      <subfield code="d">Ilc</subfield>
      <subfield code="e">rda</subfield>
    </datafield>
    <datafield tag="041" ind1="1" ind2=" ">
      <subfield code="a">rus</subfield>
      <subfield code="h">dan</subfield>
    </datafield>
    <datafield tag="050" ind1=" " ind2="4">
      <subfield code="a">PT8176.1.D54</subfield>
      <subfield code="b">M3713</subfield>
    </datafield>
    <datafield tag="082" ind1="0" ind2="4">
      <subfield code="a">839.81/38</subfield>
      <subfield code="2">23</subfield>
    </datafield>
    <datafield tag="084" ind1=" " ind2=" ">
      <subfield code="a">Hmaedb.01</subfield>
      <subfield code="2">kssb/8</subfield>
    </datafield>
    <datafield tag="100" ind1="1" ind2=" ">
      <subfield code="a">Adler-Olsen, Jussi</subfield>
      <subfield code="d">1950-</subfield>
       <subfield code="e">Author</subfield>
      <subfield code="1">http://viaf.org/viaf/87407021</subfield>
      <subfield code="4">aut.</subfield>
    </datafield>
    <datafield tag="240" ind1="1" ind2="0">
      <subfield code="a">Marco Effekten.</subfield>
      <subfield code="l">Ryska</subfield>
      <subfield code="1">http:/viaf.org/3859154867602060100008</subfield>
    </datafield>
    <datafield tag="245" ind1="1" ind2="0">
      <subfield code="6">880-02</subfield>
      <subfield code="a">Effekt Marko /</subfield>
      <subfield code="c"> [Jussi Adler-Olsen ; [perevod s datskogo V.V. Zjiganovoj].
            </subfield>
    </datafield>
    <datafield tag="264" ind1=" " ind2="1">
      <subfield code="c">2017</subfield>
    </datafield>
    <datafield tag="264" ind1=" " ind2="1">
      <subfield code="a">Moskva :</subfield>
      <subfield code="b">"E" :</subfield>
      <subfield code="b">Grand Master,</subfield>
      <subfield code="c">2017.</subfield>
    </datafield>
    <datafield tag="264" ind1=" " ind2="1">
      <subfield code="6">880-02 ;</subfield>
      <subfield code="a">Moskva :</subfield>
      <subfield code="b">Izdatelʹstvo "Ė" :</subfield>
      <subfield code="b">Grand Master,</subfield>
      <subfield code="c">2017.</subfield>
    </datafield>
    <datafield tag="300" ind1=" " ind2=" ">
      <subfield code="a">570 s.</subfield>
      <subfield code="c">22 cm</subfield>
    </datafield>
    <datafield tag="336" ind1=" " ind2=" ">
      <subfield code="a">text</subfield>
      <subfield code="b">txt</subfield>
      <subfield code="0">http://rdaregistry.info/termList/RDAContentType/1020</subfield>
      <subfield code="2">rdacontent</subfield>
    </datafield>
    <datafield tag="337" ind1=" " ind2=" ">
      <subfield code="a">unmediated</subfield>
      <subfield code="b">n</subfield>
      <subfield code="0">http://rdaregistry.info/termList/RDAMediaType/1007</subfield>
      <subfield code="2">rdamedia</subfield>
    </datafield>
    <datafield tag="338" ind1=" " ind2=" ">
      <subfield code="a">volume</subfield>
      <subfield code="b">nc</subfield>
      <subfield code="0">http://rdaregistry.info/termList/RDACarrierType/1049</subfield>
      <subfield code="2">rdacarrier</subfield>
    </datafield>
    <datafield tag="340" ind1=" " ind2=" ">
      <subfield code="b">22 cm</subfield>
    </datafield>
    <datafield tag="380" ind1=" " ind2=" ">
      <marc:subfield code="a">novel</marc:subfield>
      <marc:subfield code="2">marcgt</marc:subfield>
    </datafield>
    <datafield tag="490" ind1="0" ind2=" ">
      <subfield code="6">880-03</subfield>
      <subfield code="a">Detektiv-bestseller XXI veka</subfield>
    </datafield>
    <datafield tag="521" ind1="1" ind2=" ">
      <subfield code="a">16+.</subfield>
    </datafield>
    <datafield tag="599" ind1=" " ind2=" ">
      <subfield code="a"> Imported from: zcat.oclc.org:210/OLUCWorldCat (Do not remove)
            </subfield>
    </datafield>
    <datafield tag="650" ind1=" " ind2="7">
      <subfield code="a">Försvunna personer</subfield>
      <subfield code="0"> https://id.kb.se/term/sao/F%C3%B6rsvunna%20personer </subfield>
      <subfield code="2">sao</subfield>
    </datafield>
    <datafield tag="650" ind1=" " ind2="0">
      <subfield code="a">Police</subfield>
      <subfield code="z">Denmark</subfield>
      <subfield code="v">Fiction.</subfield>
    </datafield>
    <datafield tag="650" ind1=" " ind2="0">
      <subfield code="a">Romanies</subfield>
      <subfield code="v">Fiction.</subfield>
    </datafield>
    <datafield tag="650" ind1=" " ind2="0">
      <subfield code="a">Teenage boys</subfield>
      <subfield code="v">Fiction.</subfield>
    </datafield>
    <datafield tag="650" ind1=" " ind2="0">
      <subfield code="a">Missing persons</subfield>
      <subfield code="v">Fiction.</subfield>
    </datafield>
    <datafield tag="650" ind1=" " ind2="7">
      <subfield code="a">Missing persons.</subfield>
      <subfield code="2">fast</subfield>
    </datafield>
    <datafield tag="650" ind1=" " ind2="7">
      <subfield code="a">Police.</subfield>
      <subfield code="2">fast</subfield>
    </datafield>
    <datafield tag="650" ind1=" " ind2="7">
      <subfield code="a">Romanies.</subfield>
      <subfield code="2">fast</subfield>
    </datafield>
    <datafield tag="650" ind1=" " ind2="7">
      <subfield code="a">Teenage boys.</subfield>
      <subfield code="2">fast</subfield>
    </datafield>
    <datafield tag="650" ind1=" " ind2="0">
      <subfield code="a">Disappeared persons</subfield>
    </datafield>
    <datafield tag="650" ind1=" " ind2="0">
      <subfield code="a">Missing persons</subfield>
    </datafield>
    <datafield tag="651" ind1=" " ind2="0">
      <subfield code="a">Denmark</subfield>
      <subfield code="v">Fiction.</subfield>
    </datafield>
    <datafield tag="651" ind1=" " ind2="7">
      <subfield code="a">Denmark.</subfield>
      <subfield code="2">fast</subfield>
    </datafield>
    <datafield tag="655" ind1=" " ind2="7">
      <subfield code="a">Thrillers</subfield>
      <subfield code="0">https://id.kb.se/term/saogf/Thrillers</subfield>
      <subfield code="2">saogf</subfield>
    </datafield>
    <datafield tag="655" ind1=" " ind2="7">
      <subfield code="a">Deckare</subfield>
      <subfield code="0">https://id.kb.se/term/saogf/Deckare</subfield>
      <subfield code="2">saogf</subfield>
    </datafield>
    <datafield tag="655" ind1=" " ind2="7">
      <subfield code="a">Detective and mystery fiction.</subfield>
      <subfield code="2">fast</subfield>
    </datafield>
    <datafield tag="655" ind1=" " ind2="7">
      <subfield code="a">Fiction.</subfield>
      <subfield code="2">fast</subfield>
    </datafield>
    <datafield tag="655" ind1=" " ind2="7">
      <subfield code="a">Suspense fiction.</subfield>
      <subfield code="2">fast</subfield>
    </datafield>
    <datafield tag="655" ind1=" " ind2="7">
      <subfield code="a">Detective and mystery fiction.</subfield>
      <subfield code="2">lcgft</subfield>
    </datafield>
    <datafield tag="655" ind1=" " ind2="7">
      <subfield code="a">Thrillers (Fiction)</subfield>
      <subfield code="2">lcgft</subfield>
    </datafield>
    <datafield tag="700" ind1="1" ind2=" ">
      <subfield code="a">Adler-Olsen, Jussi.</subfield>
      <subfield code="e">Author</subfield>
      <subfield code="i">Translation of (work):</subfield>
      <subfield code="t">Marco Effekten.</subfield>
      <subfield code="1">http:/viaf.org/3859154867602060100008</subfield>
      <subfield code="4">http://rdaregistry.info/Elements/w/adaptationOfWork.en</subfield>
    </datafield>
    <datafield tag="880" ind1="1" ind2=" ">
      <subfield code="6">100-01</subfield>
      <subfield code="a">Адлер-Ольсен, Юсси.</subfield>
    </datafield>
    <datafield tag="880" ind1="1" ind2="0">
      <subfield code="6">245-02</subfield>
      <subfield code="a">Эффект Марко /</subfield>
      <subfield code="c">Юсси Адлер-Ольсен</subfield>
    </datafield>
    <datafield tag="887" ind1=" " ind2=" ">
      <subfield code="a">
                {"@id":"zh9rcxq95ddvs3x","modified":"2018-09-10T17:00:31.075+02:00","checksum":"198105370922"} </subfield>
      <subfield code="2">librisxl</subfield>
    </datafield>
    <datafield tag="950" ind1=" " ind2="s">
      <subfield code="6">650</subfield>
      <subfield code="a">Bortförda personer</subfield>
      <subfield code="u">Försvunna personer</subfield>
    </datafield>
    <datafield tag="950" ind1=" " ind2="s">
      <subfield code="6">650</subfield>
      <subfield code="a">Försvinnanden</subfield>
      <subfield code="u">Försvunna personer</subfield>
    </datafield>
    <datafield tag="950" ind1=" " ind2="s">
      <subfield code="6">650</subfield>
      <subfield code="a">Saknade personer</subfield>
      <subfield code="u">Försvunna personer</subfield>
    </datafield>
    <datafield tag="950" ind1=" " ind2="k">
      <subfield code="6">650</subfield>
      <subfield code="w">h</subfield>
      <subfield code="a">Försvunna barn</subfield>
      <subfield code="u">Försvunna personer</subfield>
    </datafield>
    <datafield tag="950" ind1=" " ind2="k">
      <subfield code="6">650</subfield>
      <subfield code="a">Barn till försvunna personer</subfield>
      <subfield code="u">Försvunna personer</subfield>
    </datafield>
    <datafield tag="955" ind1=" " ind2="s">
      <subfield code="6">655</subfield>
      <subfield code="a">Agentberättelser</subfield>
      <subfield code="u">Thrillers</subfield>
    </datafield>
    <datafield tag="955" ind1=" " ind2="s">
      <subfield code="6">655</subfield>
      <subfield code="a">Agentromaner</subfield>
      <subfield code="u">Thrillers</subfield>
    </datafield>
    <datafield tag="955" ind1=" " ind2="s">
      <subfield code="6">655</subfield>
      <subfield code="w">||e</subfield>
      <subfield code="a">Psykologiska thrillers</subfield>
      <subfield code="u">Thrillers</subfield>
    </datafield>
    <datafield tag="955" ind1=" " ind2="s">
      <subfield code="6">655</subfield>
      <subfield code="a">Spionberättelser</subfield>
      <subfield code="u">Thrillers</subfield>
    </datafield>
    <datafield tag="955" ind1=" " ind2="s">
      <subfield code="6">655</subfield>
      <subfield code="w">||e</subfield>
      <subfield code="a">Spionromaner</subfield>
      <subfield code="u">Thrillers</subfield>
    </datafield>
    <datafield tag="955" ind1=" " ind2="s">
      <subfield code="6">655</subfield>
      <subfield code="a">Spänningsromaner</subfield>
      <subfield code="u">Thrillers</subfield>
    </datafield>
    <datafield tag="955" ind1=" " ind2="k">
      <subfield code="6">655</subfield>
      <subfield code="w">g</subfield>
      <subfield code="a">Skönlitteratur</subfield>
      <subfield code="u">Thrillers</subfield>
    </datafield>
    <datafield tag="955" ind1=" " ind2="s">
      <subfield code="6">655</subfield>
      <subfield code="a">Detektivromaner</subfield>
      <subfield code="u">Deckare</subfield>
    </datafield>
    <datafield tag="955" ind1=" " ind2="s">
      <subfield code="6">655</subfield>
      <subfield code="w">||e</subfield>
      <subfield code="a">Historiska deckare</subfield>
      <subfield code="u">Deckare</subfield>
    </datafield>
    <datafield tag="955" ind1=" " ind2="s">
      <subfield code="6">655</subfield>
      <subfield code="w">||e</subfield>
      <subfield code="a">Hårdkokta deckare</subfield>
      <subfield code="u">Deckare</subfield>
    </datafield>
    <datafield tag="955" ind1=" " ind2="s">
      <subfield code="6">655</subfield>
      <subfield code="a">Kriminalromaner</subfield>
      <subfield code="u">Deckare</subfield>
    </datafield>
    <datafield tag="955" ind1=" " ind2="s">
      <subfield code="6">655</subfield>
      <subfield code="w">||e</subfield>
      <subfield code="a">Polisromaner</subfield>
      <subfield code="u">Deckare</subfield>
    </datafield>
    <datafield tag="955" ind1=" " ind2="s">
      <subfield code="6">655</subfield>
      <subfield code="w">||e</subfield>
      <subfield code="a">Psykologiska deckare</subfield>
      <subfield code="u">Deckare</subfield>
    </datafield>
    <datafield tag="955" ind1=" " ind2="s">
      <subfield code="6">655</subfield>
      <subfield code="w">||e</subfield>
      <subfield code="a">Pusseldeckare</subfield>
      <subfield code="u">Deckare</subfield>
    </datafield>
    <datafield tag="955" ind1=" " ind2="k">
      <subfield code="6">655</subfield>
      <subfield code="w">g</subfield>
      <subfield code="a">Skönlitteratur</subfield>
      <subfield code="u">Deckare</subfield>
    </datafield>
    <datafield tag="841" ind1=" " ind2=" ">
      <subfield code="5">Ilc</subfield>
      <subfield code="a">x a</subfield>
      <subfield code="b">180105||0000||||1001||||||901128</subfield>
      <subfield code="e">4</subfield>
    </datafield>
    <datafield tag="887" ind1=" " ind2=" ">
      <subfield code="5">Ilc</subfield>
      <subfield code="a">
                {"@id":"lqzc25xr4m0vn37","modified":"2018-01-05T11:19:22+01:00","checksum":"9839772668"} </subfield>
      <subfield code="2">librisxl</subfield>
    </datafield>
  </record>