
  <record>
    <leader>01303cam a22003498a 4500</leader>
    <controlfield tag="001">16307506</controlfield>
    <controlfield tag="003">SE-LIBR</controlfield>
    <controlfield tag="005">20181003113233.0</controlfield>
    <controlfield tag="008">140404s2013 xx |||||||||||000 0|eng|d</controlfield>
    <datafield tag="020" ind1=" " ind2=" ">
      <subfield code="a">9781405912655</subfield>
      <subfield code="q">pocket</subfield>
    </datafield>
    <datafield tag="035" ind1=" " ind2=" ">
      <subfield code="a">(BOKR)9781405912655</subfield>
    </datafield>
    <datafield tag="040" ind1=" " ind2=" ">
      <subfield code="a">BOKR</subfield>
      <subfield code="e">a</subfield>
      <subfield code="e">i</subfield>
    </datafield>
    <datafield tag="041" ind1=" " ind2=" ">
      <subfield code="a">eng</subfield>
    </datafield>
    <datafield tag="100" ind1="1" ind2=" ">
      <subfield code="a">Adler-Olsen, Jussi</subfield>
      <subfield code="d">1950-</subfield>
      <subfield code="e">Author</subfield>
      <subfield code="1">http://viaf.org/viaf/87407021</subfield>
      <subfield code="4">aut</subfield>
    </datafield>
    <datafield tag="240" ind1="1" ind2="0">
      <subfield code="a">Kvinnen i buret</subfield>
      <subfield code="l">Engelska</subfield>
      <subfield code="1">http://viaf.org/6990151656331308400003</subfield>
    </datafield>
    <datafield tag="245" ind1="1" ind2="0">
      <subfield code="a">Mercy</subfield>
    </datafield>
    <datafield tag="263" ind1=" " ind2=" ">
      <subfield code="a">201308</subfield>
    </datafield>
    <datafield tag="264" ind1=" " ind2="1">
      <subfield code="b">Penguin,</subfield>
      <subfield code="c">2013</subfield>
    </datafield>
    <datafield tag="264" ind1=" " ind2="1">
      <subfield code="b">Penguin Books Ltd,</subfield>
      <subfield code="c">2013</subfield>
    </datafield>
    <datafield tag="300" ind1=" " ind2=" ">
      <subfield code="a">512 sidor</subfield>
      <subfield code="c">19.8 cm</subfield>
    </datafield>
    <datafield tag="336" ind1=" " ind2=" ">
      <subfield code="a">text</subfield>
      <subfield code="b">txt</subfield>
      <subfield code="0">http://rdaregistry.info/termList/RDAContentType/1020</subfield>
      <subfield code="2">rdacontent</subfield>
    </datafield>
    <datafield tag="337" ind1=" " ind2=" ">
      <subfield code="a">unmediated</subfield>
      <subfield code="b">n</subfield>
      <subfield code="0">http://rdaregistry.info/termList/RDAMediaType/1007</subfield>
      <subfield code="2">rdamedia</subfield>
    </datafield>
    <datafield tag="338" ind1=" " ind2=" ">
      <subfield code="a">volume</subfield>
      <subfield code="b">nc</subfield>
      <subfield code="0">http://rdaregistry.info/termList/RDACarrierType/1049</subfield>
      <subfield code="2">rdacarrier</subfield>
    </datafield>
    <datafield tag="380" ind1=" " ind2=" ">
      <marc:subfield code="a">novel</marc:subfield>
      <marc:subfield code="2">marcgt</marc:subfield>
    </datafield>
    <datafield tag="340" ind1=" " ind2=" ">
      <subfield code="b">19.8 cm</subfield>
    </datafield>
    <datafield tag="490" ind1="0" ind2=" ">
      <subfield code="a">DEPARTMENT Q</subfield>
    </datafield>
    <datafield tag="599" ind1=" " ind2=" ">
      <subfield code="a"> Maskinellt genererad post. Ändra kod för fullständighetsnivå
                (leader/17), annars kommer manuellt gjorda ändringar att försvinna. </subfield>
    </datafield>
    <datafield tag="655" ind1=" " ind2="4">
      <subfield code="0"> https://id.kb.se/marc/NotFictionNotFurtherSpecified </subfield>
    </datafield>
    <datafield tag="887" ind1=" " ind2=" ">
      <subfield code="a">
                {"@id":"6qjq9hzj01n37b0","modified":"2018-10-03T11:32:33.254+02:00","checksum":"59192668730"} </subfield>
      <subfield code="2">librisxl</subfield>
    </datafield>
    <datafield tag="841" ind1=" " ind2=" ">
      <subfield code="5">Moln</subfield>
      <subfield code="a">x a</subfield>
      <subfield code="b">140404||0000|||||000||||||000000</subfield>
      <subfield code="e">1</subfield>
    </datafield>
    <datafield tag="887" ind1=" " ind2=" ">
      <subfield code="5">Moln</subfield>
      <subfield code="a">
                {"@id":"lqxk40lr5q3s565","modified":"2014-04-04T12:56:52+02:00","checksum":"33195143961"} </subfield>
      <subfield code="2">librisxl</subfield>
    </datafield>
  </record>