
  <record>
    <leader>01602cam a2200397mi 4500</leader>
    <controlfield tag="001">dnsd252kbhhdzm2s</controlfield>
    <controlfield tag="003">SE-LIBR</controlfield>
    <controlfield tag="005">20181102163835.0</controlfield>
    <controlfield tag="008">181102s2017 gw |||||||||||000 f|ger|d</controlfield>
    <datafield tag="020" ind1=" " ind2=" ">
      <subfield code="a">9783423281072</subfield>
    </datafield>
    <datafield tag="020" ind1=" " ind2=" ">
      <subfield code="a">3423281073</subfield>
    </datafield>
    <datafield tag="024" ind1="3" ind2=" ">
      <subfield code="a">9783423281072</subfield>
    </datafield>
    <datafield tag="040" ind1=" " ind2=" ">
      <subfield code="a">Gbg</subfield>
      <subfield code="b">fre</subfield>
      <subfield code="c">B2Q</subfield>
      <subfield code="e">i</subfield>
      <subfield code="e">rda</subfield>
    </datafield>
    <datafield tag="041" ind1="1" ind2=" ">
      <subfield code="a">ger</subfield>
      <subfield code="h">dan</subfield>
    </datafield>
    <datafield tag="100" ind1="1" ind2=" ">
      <subfield code="a">Adler-Olsen, Jussi</subfield>
      <subfield code="d">1950-</subfield>
      <subfield code="e">Author</subfield>
      <subfield code="1">http://viaf.org/viaf/87407021</subfield>
      <subfield code="4">aut</subfield>
    </datafield>
    <datafield tag="240" ind1="1" ind2="0">
      <subfield code="a">Selfies.</subfield>
      <subfield code="l">Allemand</subfield>
      <subfield code="1">http://viaf.org/4895149068580565730005</subfield>
    </datafield>
    <datafield tag="245" ind1="1" ind2="2">
      <subfield code="a">Selfies :</subfield>
      <subfield code="b"> der siebte Fall für Carl Mørck, Sonderdezernat Q : Thriller / </subfield>
      <subfield code="c"> Jussi Adler-Olsen ; aus dem Dänischen von Hannes Thiess. </subfield>
    </datafield>
    <datafield tag="250" ind1=" " ind2=" ">
      <subfield code="a">2. Auflage.</subfield>
    </datafield>
    <datafield tag="264" ind1=" " ind2="1">
      <subfield code="a">München :</subfield>
      <subfield code="b">dtv,</subfield>
      <subfield code="c">2017</subfield>
    </datafield>
    <datafield tag="300" ind1=" " ind2=" ">
      <subfield code="a">575 pages</subfield>
      <subfield code="c">22 cm</subfield>
    </datafield>
    <datafield tag="336" ind1=" " ind2=" ">
      <subfield code="a">text</subfield>
      <subfield code="b">txt</subfield>
      <subfield code="0">http://rdaregistry.info/termList/RDAContentType/1020</subfield>
      <subfield code="2">rdacontent/fre</subfield>
    </datafield>
    <datafield tag="337" ind1=" " ind2=" ">
            <subfield code="a">unmediated</subfield>
            <subfield code="b">n</subfield>
            <subfield code="0">http://rdaregistry.info/termList/RDAMediaType/1007</subfield>
            <subfield code="2">rdamedia/fre</subfield>
        </datafield>
    <datafield tag="338" ind1=" " ind2=" ">
      <subfield code="a">volume</subfield>
      <subfield code="b">nc</subfield>
      <subfield code="0">http://rdaregistry.info/termList/RDACarrierType/1049</subfield>
      <subfield code="2">rdacarrier/fre</subfield>
    </datafield>
    <datafield tag="380" ind1=" " ind2=" ">
      <marc:subfield code="a">novel</marc:subfield>
      <marc:subfield code="2">marcgt</marc:subfield>
    </datafield>
    <datafield tag="340" ind1=" " ind2=" ">
      <subfield code="b">22 cm</subfield>
    </datafield>
    <datafield tag="380" ind1=" " ind2=" ">
      <subfield code="a">novel</subfield>
      <subfield code="2">marcgt</subfield>
    </datafield>
    <datafield tag="599" ind1=" " ind2=" ">
      <subfield code="a"> Imported from: zcat.oclc.org:210/OLUCWorldCat (Do not remove)
            </subfield>
    </datafield>
    <datafield tag="650" ind1=" " ind2="6">
      <subfield code="a">Femmes pauvres</subfield>
      <subfield code="x">Crimes contre</subfield>
      <subfield code="v">Romans, nouvelles, etc.</subfield>
    </datafield>
    <datafield tag="650" ind1=" " ind2="6">
      <subfield code="a">Meurtres en série</subfield>
      <subfield code="x">Enquêtes</subfield>
      <subfield code="z">Danemark</subfield>
      <subfield code="v">Romans, nouvelles, etc.</subfield>
    </datafield>
    <datafield tag="650" ind1=" " ind2="6">
      <subfield code="a">Psychopathes</subfield>
      <subfield code="v">Romans, nouvelles, etc.</subfield>
    </datafield>
    <datafield tag="655" ind1=" " ind2="7">
      <subfield code="a">Romans policiers.</subfield>
      <subfield code="2">rvmgf</subfield>
    </datafield>
    <datafield tag="655" ind1=" " ind2="4">
      <subfield code="0">https://id.kb.se/marc/Novel</subfield>
    </datafield>
    <datafield tag="655" ind1=" " ind2="4">
      <subfield code="a">Romans danois</subfield>
      <subfield code="y">21e siècle.</subfield>
    </datafield>
    <datafield tag="700" ind1="1" ind2=" ">
      <subfield code="a">Adler-Olsen, Jussi</subfield>
      <subfield code="e">Author</subfield>
      <subfield code="t">Selfies.</subfield>
      <subfield code="1">http://viaf.org/viaf/4895149068580565730005</subfield>
      <subfield code="4">aut</subfield>
    </datafield>
    <datafield tag="887" ind1=" " ind2=" ">
      <subfield code="a">
                {"@id":"dnsd252kbhhdzm2s","modified":"2018-11-02T16:38:35.154+01:00","checksum":"60384591672"} </subfield>
      <subfield code="2">librisxl</subfield>
    </datafield>
    <datafield tag="841" ind1=" " ind2=" ">
      <subfield code="5">Gbg</subfield>
      <subfield code="a">x a</subfield>
      <subfield code="b">181102||0000|||||000||||||000000</subfield>
      <subfield code="e">|</subfield>
    </datafield>
    <datafield tag="887" ind1=" " ind2=" ">
      <subfield code="5">Gbg</subfield>
      <subfield code="a">
                {"@id":"x6bxlq8kvct5xkl5","modified":"2018-11-02T16:38:53.501+01:00","checksum":"82400639525"} </subfield>
      <subfield code="2">librisxl</subfield>
    </datafield>
  </record>