
  <record>
    <leader>02568nam a2200709 4500</leader>
    <controlfield tag="001">7606867</controlfield>
    <controlfield tag="003">SE-LIBR</controlfield>
    <controlfield tag="008">011211s2001 sw 000 f swe </controlfield>
    <datafield tag="020" ind1=" " ind2=" ">
      <subfield code="a">91-7133-611-7 (inb.) ;</subfield>
      <subfield code="c">327:00</subfield>
    </datafield>
    <datafield tag="035" ind1=" " ind2=" ">
      <subfield code="9">9171336117</subfield>
    </datafield>
    <datafield tag="040" ind1=" " ind2=" ">
      <subfield code="a">NB</subfield>
    </datafield>
    <datafield tag="041" ind1="1" ind2=" ">
      <subfield code="a">swe</subfield>
      <subfield code="h">dan</subfield>
    </datafield>
    <datafield tag="042" ind1=" " ind2=" ">
      <subfield code="9">NB</subfield>
      <subfield code="9">SEE</subfield>
    </datafield>
    <datafield tag="082" ind1="0" ind2="4">
      <subfield code="a">839.81</subfield>
      <subfield code="2">22 (machine generated)</subfield>
    </datafield>
    <datafield tag="083" ind1="0" ind2=" ">
      <subfield code="a">839.78</subfield>
      <subfield code="2">22 (machine generated)</subfield>
    </datafield>
    <datafield tag="084" ind1=" " ind2=" ">
      <subfield code="a">Hda.01=c</subfield>
      <subfield code="2">kssb/6</subfield>
    </datafield>
    <datafield tag="084" ind1=" " ind2=" ">
      <subfield code="a">Hceda.01</subfield>
      <subfield code="2">kssb/6</subfield>
    </datafield>
    <datafield tag="100" ind1="1" ind2=" ">
      <subfield code="a">Adler-Olsen, Jussi</subfield>
      <subfield code="d">1950-</subfield>
      <subfield code="e">Author</subfield>
      <subfield code="1">http://viaf.org/viaf/87407021</subfield>
      <subfield code="4">aut</subfield>
    </datafield>
    <datafield tag="240" ind1="1" ind2="0">
      <subfield code="a">Alfabethuset</subfield>
      <subfield code="l">Svenska</subfield>
      <subfield code="1"> http://viaf.org/viaf/9576151656259408400005</subfield>
    </datafield>
    <datafield tag="245" ind1="0" ind2="0">
      <subfield code="a">Alfabethuset /</subfield>
      <subfield code="c"> Jussi Adler-Olsen ; översättning: Britt Borglund och Tore Borglund
            </subfield>
    </datafield>
    <datafield tag="249" ind1=" " ind2="0">
      <subfield code="a">Alfabethuset.</subfield>
    </datafield>
    <datafield tag="260" ind1=" " ind2=" ">
      <subfield code="a">Malmö</subfield>
      <subfield code="b">Bra böcker</subfield>
      <subfield code="c">2001</subfield>
      <subfield code="e">Falun</subfield>
      <subfield code="f">AIT Falun</subfield>
    </datafield>
    <datafield tag="300" ind1=" " ind2=" ">
      <subfield code="a">436, [1] s. ;</subfield>
      <subfield code="c">24 cm</subfield>
    </datafield>
    <datafield tag="500" ind1=" " ind2=" ">
      <subfield code="a">Första svenska uppl. 2001</subfield>
    </datafield>
    <datafield tag="599" ind1=" " ind2=" ">
      <subfield code="a">Li:S</subfield>
    </datafield>
    <datafield tag="976" ind1=" " ind2="2">
      <subfield code="a">Hda.01=c</subfield>
      <subfield code="b">Skönlitteratur</subfield>
    </datafield>
    <datafield tag="841" ind1=" " ind2=" ">
      <subfield code="5">Bo</subfield>
      <subfield code="a">u a</subfield>
      <subfield code="b">140401||0000|||||001||||||000000</subfield>
      <subfield code="e">1</subfield>
    </datafield>
    <datafield tag="035" ind1=" " ind2=" ">
      <subfield code="5">Bo</subfield>
      <subfield code="a">(Bo)522385</subfield>
    </datafield>
    <datafield tag="841" ind1=" " ind2=" ">
      <subfield code="5">G</subfield>
      <subfield code="a">xa a</subfield>
      <subfield code="b">0201080u 0 4000uu |000000</subfield>
      <subfield code="e">1</subfield>
    </datafield>
    <datafield tag="841" ind1=" " ind2=" ">
      <subfield code="5">Gbg</subfield>
      <subfield code="a">u a</subfield>
      <subfield code="b">080820||0000|||||001||||||000000</subfield>
      <subfield code="e">1</subfield>
    </datafield>
    <datafield tag="841" ind1=" " ind2=" ">
      <subfield code="5">L</subfield>
      <subfield code="a">xa a</subfield>
      <subfield code="b">0201080u 0 4000uu |000000</subfield>
      <subfield code="e">1</subfield>
    </datafield>
    <datafield tag="841" ind1=" " ind2=" ">
      <subfield code="5">Mo</subfield>
      <subfield code="a">x a</subfield>
      <subfield code="b">100512||0000|||||001||||||000000</subfield>
      <subfield code="e">1</subfield>
    </datafield>
    <datafield tag="035" ind1=" " ind2=" ">
      <subfield code="5">Mo</subfield>
      <subfield code="a">(Mo)b1465845</subfield>
    </datafield>
    <datafield tag="084" ind1=" " ind2=" ">
      <subfield code="5">Mo</subfield>
      <subfield code="a">Hceda.01</subfield>
      <subfield code="2">kssb/8</subfield>
    </datafield>
    <datafield tag="500" ind1=" " ind2=" ">
      <subfield code="5">Mo</subfield>
      <subfield code="a">Orig:s titel: Alfabethuset (danska)</subfield>
    </datafield>
    <datafield tag="500" ind1=" " ind2=" ">
      <subfield code="5">Mo</subfield>
      <subfield code="a">Första svenska upplaga</subfield>
    </datafield>
    <datafield tag="546" ind1=" " ind2=" ">
      <subfield code="5">Mo</subfield>
      <subfield code="a">svenska</subfield>
    </datafield>
    <datafield tag="653" ind1=" " ind2=" ">
      <subfield code="5">Mo</subfield>
      <subfield code="a">Skönlitteratur</subfield>
    </datafield>
    <datafield tag="653" ind1=" " ind2=" ">
      <subfield code="5">Mo</subfield>
      <subfield code="a">Andra världskriget 1939-1945</subfield>
    </datafield>
    <datafield tag="655" ind1=" " ind2="4">
      <subfield code="5">Mo</subfield>
      <subfield code="a">Bok</subfield>
    </datafield>
    <datafield tag="841" ind1=" " ind2=" ">
      <subfield code="5">NB</subfield>
      <subfield code="a">xa a</subfield>
      <subfield code="b">0201080u 0 4000uu |000000</subfield>
      <subfield code="e">1</subfield>
    </datafield>
    <datafield tag="841" ind1=" " ind2=" ">
      <subfield code="5">Q</subfield>
      <subfield code="a">xa a</subfield>
      <subfield code="b">0201080u 0 4000uu |000000</subfield>
      <subfield code="e">1</subfield>
    </datafield>
  </record>