
  <datafield tag="841" ind1=" " ind2=" ">
    <subfield code="5">S</subfield>
    <subfield code="a">xa a</subfield>
    <subfield code="b">0201080u 0 4000uu |000000</subfield>
    <subfield code="e">1</subfield>
  </datafield>
  <datafield tag="841" ind1=" " ind2=" ">
    <subfield code="5">SDB</subfield>
    <subfield code="a">u a</subfield>
    <subfield code="b">150429||0000|||||001||||||000000</subfield>
    <subfield code="e">1</subfield>
  </datafield>
  <datafield tag="841" ind1=" " ind2=" ">
    <subfield code="5">SEE</subfield>
    <subfield code="a">xa a</subfield>
    <subfield code="b">0201080u 0 4000uu |000000</subfield>
    <subfield code="e">1</subfield>
  </datafield>
  <datafield tag="084" ind1=" " ind2=" ">
    <subfield code="5">SEE</subfield>
    <subfield code="a">Hceda.01</subfield>
    <subfield code="2">kssb/6</subfield>
  </datafield>
  <datafield tag="841" ind1=" " ind2=" ">
    <subfield code="5">U</subfield>
    <subfield code="a">xa a</subfield>
    <subfield code="b">0201080u 0 4000uu |000000</subfield>
    <subfield code="e">1</subfield>
  </datafield>
  <datafield tag="841" ind1=" " ind2=" ">
    <subfield code="5">Um</subfield>
    <subfield code="a">xa a</subfield>
    <subfield code="b">0201080u 0 4000uu |000000</subfield>
    <subfield code="e">1</subfield>
  </datafield>
  <datafield tag="841" ind1=" " ind2=" ">
    <subfield code="5">Umdp</subfield>
    <subfield code="a">x a</subfield>
    <subfield code="b">0701084u 8 1001uu 0000000</subfield>
    <subfield code="e">1</subfield>
  </datafield>
  <record>
    <leader>01422cam a2200409 ar4500</leader>
    <controlfield tag="001">8410954</controlfield>
    <controlfield tag="003">SE-LIBR</controlfield>
    <controlfield tag="005">20020404093341.0</controlfield>
    <controlfield tag="008">020403s2002 sw |||| |00| f swe </controlfield>
    <datafield tag="020" ind1=" " ind2=" ">
      <subfield code="a">91-7133-862-4 :</subfield>
      <subfield code="c">59:00</subfield>
    </datafield>
    <datafield tag="040" ind1=" " ind2=" ">
      <subfield code="a">NB</subfield>
    </datafield>
    <datafield tag="041" ind1="1" ind2=" ">
      <subfield code="a">swe</subfield>
      <subfield code="h">dan</subfield>
    </datafield>
    <datafield tag="042" ind1=" " ind2=" ">
      <subfield code="9">NB</subfield>
    </datafield>
    <datafield tag="082" ind1="0" ind2="4">
      <subfield code="a">839.81</subfield>
      <subfield code="2">22 (machine generated)</subfield>
    </datafield>
    <datafield tag="084" ind1=" " ind2=" ">
      <subfield code="a">Hda.01=c</subfield>
      <subfield code="2">kssb/7</subfield>
    </datafield>
    <datafield tag="100" ind1="1" ind2=" ">
      <subfield code="a">Adler-Olsen, Jussi</subfield>
      <subfield code="d">1950-</subfield>
      <subfield code="e">Author</subfield>
      <subfield code="1">http://viaf.org/viaf/87407021</subfield>
      <subfield code="4">aut</subfield>
    </datafield>
    <datafield tag="240" ind1="1" ind2="0">
      <subfield code="a">Alfabethuset</subfield>
      <subfield code="l">Svenska</subfield>
      <subfield code="1"> http://viaf.org/viaf/9576151656259408400005</subfield>
    </datafield>
    <datafield tag="245" ind1="0" ind2="0">
      <subfield code="a">Alfabethuset</subfield>
      <subfield code="c"> Jussi Adler-Olsen ; översättning: Britt Borglund och Tore Borglund
            </subfield>
    </datafield>
    <datafield tag="249" ind1=" " ind2="0">
      <subfield code="a">Alfabethuset.</subfield>
    </datafield>
    <datafield tag="250" ind1=" " ind2=" ">
      <subfield code="a">[Ny utg.]</subfield>
    </datafield>
    <datafield tag="260" ind1=" " ind2=" ">
      <subfield code="a">Malmö</subfield>
      <subfield code="b">Bra böcker</subfield>
      <subfield code="c">2002</subfield>
      <subfield code="e">Norge</subfield>
    </datafield>
    <datafield tag="300" ind1=" " ind2=" ">
      <subfield code="a">436, [4] s. ;</subfield>
      <subfield code="c">18 cm</subfield>
    </datafield>
    <datafield tag="500" ind1=" " ind2=" ">
      <subfield code="a">Första svenska uppl. 2001</subfield>
    </datafield>
    <datafield tag="700" ind1="1" ind2=" ">
      <subfield code="a">Borglund, Britt</subfield>
      <subfield code="e">Translator</subfield>
      <subfield code="4">trl</subfield>
    </datafield>
    <datafield tag="700" ind1="1" ind2=" ">
      <subfield code="a">Borglund, Tore</subfield>
      <subfield code="e">Translator</subfield>
      <subfield code="1">http://viaf.org/viaf/33149066355165600686</subfield>
      <subfield code="4">trl</subfield>
    </datafield>
    <datafield tag="775" ind1="0" ind2=" ">
      <subfield code="t">Alfabethuset</subfield>
      <subfield code="d">2001</subfield>
      <subfield code="z">91-7133-611-7</subfield>
      <subfield code="w">7606867</subfield>
      <subfield code="9">2002</subfield>
    </datafield>
    <datafield tag="841" ind1=" " ind2=" ">
      <subfield code="5">Bo</subfield>
      <subfield code="a">u a</subfield>
      <subfield code="b">140401||0000|||||001||||||000000</subfield>
      <subfield code="e">1</subfield>
    </datafield>
    <datafield tag="035" ind1=" " ind2=" ">
      <subfield code="5">Bo</subfield>
      <subfield code="a">(Bo)522385</subfield>
    </datafield>
    <datafield tag="841" ind1=" " ind2=" ">
      <subfield code="5">L</subfield>
      <subfield code="a">x a</subfield>
      <subfield code="b">030317|| |||||001||| |000000</subfield>
      <subfield code="e">1</subfield>
    </datafield>
    <datafield tag="841" ind1=" " ind2=" ">
      <subfield code="5">NB</subfield>
      <subfield code="a">x a</subfield>
      <subfield code="b">0204044u 8 1001uuswe0901128</subfield>
      <subfield code="e">1</subfield>
    </datafield>
    <datafield tag="841" ind1=" " ind2=" ">
      <subfield code="5">S</subfield>
      <subfield code="a">x a</subfield>
      <subfield code="b">0204044u 8 1001uuswe0901128</subfield>
      <subfield code="e">1</subfield>
    </datafield>
    <datafield tag="841" ind1=" " ind2=" ">
      <subfield code="5">SEE</subfield>
      <subfield code="a">x a</subfield>
      <subfield code="b">0204044u 8 1001uuswe0901128</subfield>
      <subfield code="e">1</subfield>
    </datafield>
  </record>