
  <record>
    <leader>00689cam a22002297a 4500</leader>
    <controlfield tag="001">8961390</controlfield>
    <controlfield tag="003">SE-LIBR</controlfield>
    <controlfield tag="005">20130806182514.0</controlfield>
    <controlfield tag="008">030626s sw |||| |00| f|swe c</controlfield>
    <datafield tag="020" ind1=" " ind2=" ">
      <subfield code="a">87-15-10683-7</subfield>
    </datafield>
    <datafield tag="040" ind1=" " ind2=" ">
      <subfield code="a">Uh</subfield>
    </datafield>
    <datafield tag="082" ind1="0" ind2="4">
      <subfield code="a">839.81</subfield>
      <subfield code="2">22 (machine generated)</subfield>
    </datafield>
    <datafield tag="084" ind1=" " ind2=" ">
      <subfield code="a">Hda.01</subfield>
      <subfield code="2">kssb/7</subfield>
    </datafield>
    <datafield tag="100" ind1="1" ind2=" ">
      <subfield code="a">Adler-Olsen, Jussi</subfield>
      <subfield code="d">1950-</subfield>
      <subfield code="e">Author</subfield>
      <subfield code="1">http://viaf.org/viaf/87407021</subfield>
      <subfield code="4">aut</subfield>
    </datafield>
    <datafield tag="240" ind1="1" ind2="0">
      <subfield code="a">Alfabethuset</subfield>
      <subfield code="l">Danska</subfield>
      <subfield code="1">http://viaf.org/4895149068580565730005</subfield>
    </datafield>
    <datafield tag="245" ind1="0" ind2="0">
      <subfield code="a">Alfabethuset</subfield>
      <subfield code="c">Jussi Adler-Olsen</subfield>
    </datafield>
    <datafield tag="260" ind1=" " ind2=" ">
      <subfield code="a">København</subfield>
      <subfield code="b">Lademann</subfield>
      <subfield code="c">cop. 1997</subfield>
    </datafield>
    <datafield tag="300" ind1=" " ind2=" ">
      <subfield code="a">490 s.,[1]</subfield>
    </datafield>
    <datafield tag="841" ind1=" " ind2=" ">
      <subfield code="5">Q</subfield>
      <subfield code="a">x a</subfield>
      <subfield code="b">0410124u 8 1001uu 0901128</subfield>
      <subfield code="e">4</subfield>
    </datafield>
    <datafield tag="841" ind1=" " ind2=" ">
      <subfield code="5">Uh</subfield>
      <subfield code="a">x a</subfield>
      <subfield code="b">0306264u 8 1001uu 0901128</subfield>
      <subfield code="e">4</subfield>
    </datafield>
  </record>