
  <record>
    <leader>02929cim a22005657a 4500</leader>
    <controlfield tag="001">11527542</controlfield>
    <controlfield tag="003">SE-LIBR</controlfield>
    <controlfield tag="005">20170515110758.0</controlfield>
    <controlfield tag="007">sd ||||||||||| </controlfield>
    <controlfield tag="008">090727s2014 sw nnnne|||||||f n swe|c</controlfield>
    <datafield tag="024" ind1="7" ind2=" ">
      <subfield code="a">C90512</subfield>
      <subfield code="2">MTM medienummer</subfield>
    </datafield>
    <datafield tag="035" ind1=" " ind2=" ">
      <subfield code="a">(MTM)C90512</subfield>
    </datafield>
    <datafield tag="040" ind1=" " ind2=" ">
      <subfield code="a">Mtm</subfield>
      <subfield code="e">a</subfield>
    </datafield>
    <datafield tag="041" ind1="1" ind2=" ">
      <subfield code="a">swe</subfield>
      <subfield code="h">dan</subfield>
    </datafield>
    <datafield tag="042" ind1=" " ind2=" ">
      <subfield code="9">Mtm</subfield>
    </datafield>
    <datafield tag="046" ind1=" " ind2=" ">
      <subfield code="a">m</subfield>
      <subfield code="m">20000101</subfield>
      <subfield code="n">20000301</subfield>
    </datafield>
    <datafield tag="082" ind1="0" ind2="4">
      <subfield code="a">839.78</subfield>
      <subfield code="2">22 (machine generated)</subfield>
    </datafield>
    <datafield tag="084" ind1=" " ind2=" ">
      <subfield code="a">Hceda.01/TC</subfield>
      <subfield code="2">kssb/8</subfield>
    </datafield>
    <datafield tag="100" ind1="1" ind2=" ">
      <subfield code="a">Adler-Olsen, Jussi</subfield>
      <subfield code="d">1950-</subfield>
      <subfield code="e">Author</subfield>
      <subfield code="1">http://viaf.org/viaf/87407021</subfield>
      <subfield code="4">aut</subfield>
    </datafield>
    <datafield tag="240" ind1="1" ind2="0">
      <subfield code="a">Alfabethuset</subfield>
      <subfield code="l">Svenska</subfield>
      <subfield code="1"> http://viaf.org/viaf/9576151656259408400005</subfield>
    </datafield>
    <datafield tag="245" ind1="1" ind2="0">
      <subfield code="a">Alfabethuset</subfield>
      <subfield code="h">[Ljudupptagning] /</subfield>
      <subfield code="c"> Jussi Adler-Olsen ; översättning: Britt Borglund och Tore Borglund.
            </subfield>
    </datafield>
    <datafield tag="249" ind1=" " ind2="0">
      <subfield code="a">Alfabethuset (danska)</subfield>
    </datafield>
    <datafield tag="264" ind1=" " ind2="1">
      <subfield code="c">2014</subfield>
    </datafield>
    <datafield tag="264" ind1=" " ind2="1">
      <subfield code="a">Lund :</subfield>
      <subfield code="b">Btj,</subfield>
      <subfield code="c">2008</subfield>
    </datafield>
    <datafield tag="300" ind1=" " ind2=" ">
      <subfield code="a">1 CD-R (23 tim., 10 min.)</subfield>
      <subfield code="b">mono</subfield>
    </datafield>
     <datafield tag="336" ind1=" " ind2=" ">
            <subfield code="a">spoken word</subfield>
            <subfield code="b">spw</subfield>
            <subfield code="0">http://rdaregistry.info/termList/RDAContentType/1020</subfield>
            <subfield code="2">rdacontent</subfield>
        </datafield>
        <datafield tag="337" ind1=" " ind2=" ">
            <subfield code="a">audio</subfield>
            <subfield code="b">s</subfield>
            <subfield code="0">http://rdaregistry.info/termList/RDAMediaType/1001</subfield>
            <subfield code="2">rdamedia</subfield>
        </datafield>
<datafield tag="338" ind1=" " ind2=" ">
            <subfield code="a">audio disc</subfield>
            <subfield code="b">sd</subfield>
            <subfield code="0">http://rdaregistry.info/termList/RDACarrierType/1004</subfield>
            <subfield code="2">rdacarrier</subfield>
        </datafield> 
        <datafield tag="380" ind1=" " ind2=" ">
            <subfield code="a">novel</subfield>
            <subfield code="2">marcgt</subfield>
        </datafield>
    <datafield tag="500" ind1=" " ind2=" ">
      <subfield code="a">Digital talbok (DAISY 2.02), ljud</subfield>
    </datafield>
    <datafield tag="500" ind1=" " ind2=" ">
      <subfield code="a"> Överföring av analog inläsning från: Lund : Btj, 2001 </subfield>
    </datafield>
    <datafield tag="500" ind1=" " ind2=" ">
      <subfield code="a"> Inläst ur: Malmö : Bra böcker, 2001. ISBN 91-7133-611-7,
                978-91-7133-611-8 (genererat) </subfield>
    </datafield>
    <datafield tag="506" ind1="1" ind2=" ">
      <subfield code="a"> Tillgänglig för personer med läsnedsättning enligt § 17
                Upphovsrättslagen </subfield>
      <subfield code="u"> http://www.mtm.se/om-oss/uppdrag-och-lagar/upphovsrattslagen/
            </subfield>
    </datafield>
    <datafield tag="520" ind1=" " ind2=" ">
      <subfield code="a"> James och Bryan, engelska piloter, blir nedskjutna över Tyskland
                under 2:a världskriget. De tar sig ombord på ett ambulanståg, simulerar
                sinnessjukdom och hamnar på mentalsjukhuset Alfabethuset. Vid ett bombanfall flyr
                Bryan. Men James blir kvar. 1972 är Bryan i München under OS. Han träffar och känner
                till sin fasa igen några personer från Alfabethuset. Välskriven nervpirrande
                thriller. J.A-O., dansk förf. Inläst ur Bra böcker, 2001 </subfield>
    </datafield>
    <datafield tag="599" ind1=" " ind2=" ">
      <subfield code="a">MTM MarcRecordId: 164098</subfield>
    </datafield>
    <datafield tag="653" ind1=" " ind2="0">
      <subfield code="a">Thriller</subfield>
    </datafield>
    <datafield tag="655" ind1=" " ind2="4">
      <subfield code="a">DAISY</subfield>
    </datafield>
    <datafield tag="700" ind1="1" ind2=" ">
      <subfield code="a">Bengtsson, Tore</subfield>
      <subfield coed="e">Narrator</subfield>
      <subfield code="1">http://viaf.org/viaf/9386149108515568780004</subfield>
      <subfield code="4">nrt</subfield>
    </datafield>
    <datafield tag="700" ind1="1" ind2="">
      <subfield code="a">Adler-Olsen, Jussi</subfield>
      <subfield code="e">Author</subfield>
      <subfield code="i">Adaption of work</subfield>
      <subfield code="t">Alfabethuset</subfield>
      <subfield code="1">http://viaf.org/viaf/9576151656259408400005</subfield>
      <subfield code="4">http://rdaregistry.info/Elements/w/adaptationOfWork.en</subfield>
      <datafield tag="776" ind1="0" ind2="8">
        <subfield code="i">Inläst ur</subfield>
        <subfield code="t">Alfabethuset</subfield>
        <subfield code="z">9171336117</subfield>
      </datafield>
      <datafield tag="886" ind1="0" ind2=" ">
        <subfield code="2">BURK IV</subfield>
        <subfield code="b">PICASWSW0000SWES BD</subfield>
      </datafield>
      <datafield tag="887" ind1=" " ind2=" ">
        <subfield code="a">
                {"@id":"2ldd8brd05qk0ts","modified":"2017-05-15T11:07:58+02:00","checksum":"93915264224"} </subfield>
        <subfield code="2">librisxl</subfield>
      </datafield>
      <datafield tag="841" ind1=" " ind2=" ">
        <subfield code="5">Mo</subfield>
        <subfield code="a">x a</subfield>
        <subfield code="b">090727||0000|||||001||||||000000</subfield>
        <subfield code="e">1</subfield>
      </datafield>
      <datafield tag="035" ind1=" " ind2=" ">
        <subfield code="5">Mo</subfield>
        <subfield code="a">(Mo)b1694717</subfield>
      </datafield>
      <datafield tag="500" ind1=" " ind2=" ">
        <subfield code="5">Mo</subfield>
        <subfield code="a">svenska</subfield>
      </datafield>
      <datafield tag="887" ind1=" " ind2=" ">
        <subfield code="5">Mo</subfield>
        <subfield code="a">
                {"@id":"qv23nwsw1dl3n30","modified":"2009-07-27T13:52:40+02:00","checksum":"47165781391"} </subfield>
        <subfield code="2">librisxl</subfield>
      </datafield>
      <datafield tag="841" ind1=" " ind2=" ">
        <subfield code="5">Mtm</subfield>
        <subfield code="a">x a</subfield>
        <subfield code="b">120302||0000|||||000||||||000000</subfield>
        <subfield code="e">1</subfield>
      </datafield>
      <datafield tag="035" ind1=" " ind2=" ">
        <subfield code="5">Mtm</subfield>
        <subfield code="a">(MTM)C90512</subfield>
      </datafield>
      <datafield tag="599" ind1=" " ind2=" ">
        <subfield code="5">Mtm</subfield>
        <subfield code="a">Posten ändrad i Legimus 20190225</subfield>
      </datafield>
      <datafield tag="856" ind1="4" ind2="0">
        <subfield code="5">Mtm</subfield>
        <subfield code="u">http://www.legimus.se/work/redirect?MedieNr=C90512</subfield>
        <subfield code="z"> Ladda ner. Tillgänglig för personer med läsnedsättning enligt § 17
                Upphovsrättslagen </subfield>
      </datafield>
      <datafield tag="887" ind1=" " ind2=" ">
        <subfield code="5">Mtm</subfield>
        <subfield code="a">
                {"@id":"gls54qsm21g1hq4","modified":"2019-03-07T10:40:43.392+01:00","checksum":"37073445897"} </subfield>
        <subfield code="2">librisxl</subfield>
      </datafield>
    </datafield>
  </record>