
  <record>
    <leader>28506cam a22040693a 4500</leader>
    <controlfield tag="001">14291368</controlfield>
    <controlfield tag="003">SE-LIBR</controlfield>
    <controlfield tag="005">20160906181712.0</controlfield>
    <controlfield tag="007">cr ||| ||||| </controlfield>
    <controlfield tag="008">130613s2014 sw |||||o|||||000 f|swe|d</controlfield>
    <datafield tag="020" ind1=" " ind2=" ">
      <subfield code="a">9789100137908</subfield>
    </datafield>
    <datafield tag="035" ind1=" " ind2=" ">
      <subfield code="a">Elib1015832</subfield>
    </datafield>
    <datafield tag="040" ind1=" " ind2=" ">
      <subfield code="e">a</subfield>
    </datafield>
    <datafield tag="041" ind1=" " ind2=" ">
      <subfield code="a">swe</subfield>
    </datafield>
    <datafield tag="072" ind1=" " ind2="7">
      <subfield code="a">FF</subfield>
      <subfield code="2">bicssc</subfield>
    </datafield>
    <datafield tag="100" ind1="1" ind2=" ">
      <subfield code="a">Adler-Olsen, Jussi</subfield>
      <subfield code="d">1950-</subfield>
      <subfield code="e">Author</subfield>
      <subfield code="1">http://viaf.org/viaf/87407021</subfield>
      <subfield code="4">aut</subfield>
    </datafield>
    <datafield tag="240" ind1="1" ind2="0">
      <subfield code="a">Alfabethuset</subfield>
      <subfield code="l">Svenska</subfield>
      <subfield code="1"> http://viaf.org/viaf/9576151656259408400005</subfield>
    </datafield>
    <datafield tag="245" ind1="1" ind2="0">
      <subfield code="a">Alfabethuset</subfield>
      <subfield code="h">[Elektronisk resurs]</subfield>
    </datafield>
    <datafield tag="264" ind1=" " ind2="1">
      <subfield code="b">Albert Bonniers förlag,</subfield>
      <subfield code="c">2014</subfield>
    </datafield>
    <datafield tag="300" ind1=" " ind2=" ">
      <subfield code="a">496 s.</subfield>
    </datafield>
    <datafield tag="338" ind1=" " ind2=" ">
      <subfield code="b">r</subfield>
      <subfield code="b">o</subfield>
      <subfield code="2">rdacarrier</subfield>
      <subfield code="2">rdacarrier</subfield>
    </datafield>
    <datafield tag="380" ind1=" " ind2=" ">
      <subfield code="a">novel</subfield>
      <subfield code="2">marcgt</subfield>
    </datafield>
    <datafield tag="520" ind1=" " ind2=" ">
      <subfield code="a"> Två engelska piloter skjuts ner och hamnar bakom fiendens linjer
                under andra världskriget. Om de tas tillfånga kommer de att avrättas som spioner. Så
                de tar sig ombord på ett tåg reserverat för sårade SS-män på väg hem från
                östfronten, för att kunna fly senare. I stället hamnar de i Alfabethuset, ett
                sinnessjukhus långt bort från fronten, där de är tvungna att byta identitet för att
                inte bli avslöjade. Men är piloterna James och Bryan de enda som spelar? Och hur
                länge kan man simulera sinnessjukdom utan att bli galen på riktigt?Alfabethuset
                utspelar sig på två tidsplan, i fyrtiotalets Nazityskland och i sjuttiotalets
                England och Västtyskland. Det är en psykologisk thriller i samma nervpirrande stil
                som Jussi Adler-Olsens internationellt framgångsrika romaner om kriminalinspektör
                Mørck och Avdelning Q.Översättare:Britt Borglund,Översättare:Tore
                Borglund,Omslagsformgivare:Miroslav Sokcic [Elib] </subfield>
    </datafield>
    <datafield tag="599" ind1=" " ind2=" ">
      <subfield code="a">Ändrad av Elib 2016-06-07</subfield>
    </datafield>
    <datafield tag="655" ind1=" " ind2="4">
      <subfield code="a">E-böcker</subfield>
    </datafield>
    <datafield tag="655" ind1=" " ind2="4">
      <subfield code="a">Deckare &amp; spänning</subfield>
    </datafield>
    <datafield tag="700" ind1="1" ind2=" ">
      <subfield code="a">Sokcic, Miroslav</subfield>
      <subfield code="e">unspecifiedContributor</subfield>
      <subfield code="1">http://viaf.org/viaf/907144647704926868416</subfield>
      <subfield code="4">oth</subfield>
    </datafield>
    <datafield tag="856" ind1="4" ind2="2">
      <subfield code="u"> https://images.elib.se/cover/1015832/1015832_201511121341.jpg </subfield>
      <subfield code="x">digipic</subfield>
      <subfield code="z">Omslagsbild</subfield>
    </datafield>
    <datafield tag="887" ind1=" " ind2=" ">
      <subfield code="a">
                {"@id":"l4x2776x4h45x9d","modified":"2016-09-06T18:17:12+02:00","checksum":"68901634825"} </subfield>
      <subfield code="2">librisxl</subfield>
    </datafield>
    <datafield tag="841" ind1=" " ind2=" ">
      <subfield code="5">Afb</subfield>
      <subfield code="a">x a</subfield>
      <subfield code="b">150107||0000|||||000||||||000000</subfield>
      <subfield code="e">1</subfield>
    </datafield>
    <datafield tag="024" ind1="7" ind2=" ">
      <subfield code="5">Afb</subfield>
      <subfield code="a">1015832</subfield>
      <subfield code="2">Distributör: Elib</subfield>
    </datafield>
    <datafield tag="500" ind1=" " ind2=" ">
      <subfield code="5">Afb</subfield>
      <subfield code="a">Online epub (0.82 MB)</subfield>
    </datafield>
    <datafield tag="500" ind1=" " ind2=" ">
      <subfield code="5">Afb</subfield>
      <subfield code="a">Offline epub med Adobe-kryptering (0.82 MB)</subfield>
    </datafield>
    <datafield tag="856" ind1="4" ind2="2">
      <subfield code="5">Afb</subfield>
      <subfield code="u">http://kulturivast.elib.se/Books/Details/1015832</subfield>
      <subfield code="x">origin:Elib</subfield>
      <subfield code="z">Låna från ditt bibliotek. Lånekort krävs.</subfield>
    </datafield>
    <datafield tag="856" ind1="4" ind2="2">
      <subfield code="5">Afb</subfield>
      <subfield code="u"> https://samplefiles.elib.se/epub/1015832/1015832_201511101000.epub </subfield>
      <subfield code="x">origin:Elib</subfield>
      <subfield code="z">Provläs</subfield>
    </datafield>
    <datafield tag="887" ind1=" " ind2=" ">
      <subfield code="5">Afb</subfield>
      <subfield code="a">
                {"@id":"jnvm149p5nltgz2","modified":"2019-03-19T15:37:09.392+01:00","checksum":"30007475595"} </subfield>
      <subfield code="2">librisxl</subfield>
    </datafield>
    <datafield tag="841" ind1=" " ind2=" ">
      <subfield code="5">BOKR</subfield>
      <subfield code="a">x a</subfield>
      <subfield code="b">180906||0000|||||000||||||000000</subfield>
      <subfield code="e">1</subfield>
    </datafield>
    <datafield tag="887" ind1=" " ind2=" ">
      <subfield code="5">BOKR</subfield>
      <subfield code="a">
                {"@id":"q0wxg7xnngrw9f7p","modified":"2018-09-06T09:01:46.229+02:00","checksum":"27898486012"} </subfield>
      <subfield code="2">librisxl</subfield>
    </datafield>
    <datafield tag="841" ind1=" " ind2=" ">
      <subfield code="5">BinE</subfield>
      <subfield code="a">x a</subfield>
      <subfield code="b">160120||0000|||||000||||||000000</subfield>
      <subfield code="e">1</subfield>
    </datafield>
    <datafield tag="024" ind1="7" ind2=" ">
      <subfield code="5">BinE</subfield>
      <subfield code="a">1015832</subfield>
      <subfield code="2">Distributör: Elib</subfield>
    </datafield>
    <datafield tag="500" ind1=" " ind2=" ">
      <subfield code="5">BinE</subfield>
      <subfield code="a">Online epub (0.82 MB)</subfield>
    </datafield>
    <datafield tag="500" ind1=" " ind2=" ">
      <subfield code="5">BinE</subfield>
      <subfield code="a">Offline epub med Adobe-kryptering (0.82 MB)</subfield>
    </datafield>
    <datafield tag="856" ind1="4" ind2="2">
      <subfield code="5">BinE</subfield>
      <subfield code="u"> https://samplefiles.elib.se/epub/1015832/1015832_201511101000.epub </subfield>
      <subfield code="x">origin:Elib</subfield>
      <subfield code="z">Provläs</subfield>
    </datafield>
    <datafield tag="887" ind1=" " ind2=" ">
      <subfield code="5">BinE</subfield>
      <subfield code="a">
                {"@id":"djrnc6bk1dxk377","modified":"2019-03-19T15:37:10.18+01:00","checksum":"28925683945"} </subfield>
      <subfield code="2">librisxl</subfield>
    </datafield>
    <datafield tag="841" ind1=" " ind2=" ">
      <subfield code="5">Biv</subfield>
      <subfield code="a">x a</subfield>
      <subfield code="b">141215||0000|||||000||||||000000</subfield>
      <subfield code="e">1</subfield>
    </datafield>
    <datafield tag="024" ind1="7" ind2=" ">
      <subfield code="5">Biv</subfield>
      <subfield code="a">1015832</subfield>
      <subfield code="2">Distributör: Elib</subfield>
    </datafield>
    <datafield tag="500" ind1=" " ind2=" ">
      <subfield code="5">Biv</subfield>
      <subfield code="a">Online epub (0.82 MB)</subfield>
    </datafield>
    <datafield tag="500" ind1=" " ind2=" ">
      <subfield code="5">Biv</subfield>
      <subfield code="a">Offline epub med Adobe-kryptering (0.82 MB)</subfield>
    </datafield>
    <datafield tag="856" ind1="4" ind2="2">
      <subfield code="5">Biv</subfield>
      <subfield code="u"> https://samplefiles.elib.se/epub/1015832/1015832_201511101000.epub </subfield>
      <subfield code="x">origin:Elib</subfield>
      <subfield code="z">Provläs</subfield>
    </datafield>
    <datafield tag="887" ind1=" " ind2=" ">
      <subfield code="5">Biv</subfield>
      <subfield code="a">
                {"@id":"48g63hs958ldrsp","modified":"2019-03-19T15:37:11.168+01:00","checksum":"34269132305"} </subfield>
      <subfield code="2">librisxl</subfield>
    </datafield>
    <datafield tag="841" ind1=" " ind2=" ">
      <subfield code="5">BoE</subfield>
      <subfield code="a">x a</subfield>
      <subfield code="b">160406||0000|||||000||||||000000</subfield>
      <subfield code="e">1</subfield>
    </datafield>
    <datafield tag="024" ind1="7" ind2=" ">
      <subfield code="5">BoE</subfield>
      <subfield code="a">1015832</subfield>
      <subfield code="2">Distributör: Elib</subfield>
    </datafield>
    <datafield tag="500" ind1=" " ind2=" ">
      <subfield code="5">BoE</subfield>
      <subfield code="a">Online epub (0.82 MB)</subfield>
    </datafield>
    <datafield tag="500" ind1=" " ind2=" ">
      <subfield code="5">BoE</subfield>
      <subfield code="a">Offline epub med Adobe-kryptering (0.82 MB)</subfield>
    </datafield>
    <datafield tag="856" ind1="4" ind2="2">
      <subfield code="5">BoE</subfield>
      <subfield code="u"> https://samplefiles.elib.se/epub/1015832/1015832_201511101000.epub </subfield>
      <subfield code="x">origin:Elib</subfield>
      <subfield code="z">Provläs</subfield>
    </datafield>
    <datafield tag="887" ind1=" " ind2=" ">
      <subfield code="5">BoE</subfield>
      <subfield code="a">
                {"@id":"pt21ln5v0n71s1w","modified":"2019-03-19T15:37:11.588+01:00","checksum":"31656961789"} </subfield>
      <subfield code="2">librisxl</subfield>
    </datafield>
    <datafield tag="841" ind1=" " ind2=" ">
      <subfield code="5">Elan</subfield>
      <subfield code="a">x a</subfield>
      <subfield code="b">180827||0000|||||000||||||000000</subfield>
      <subfield code="e">1</subfield>
    </datafield>
    <datafield tag="024" ind1="7" ind2=" ">
      <subfield code="5">Elan</subfield>
      <subfield code="a">1015832</subfield>
      <subfield code="2">Distributör: Elib</subfield>
    </datafield>
    <datafield tag="500" ind1=" " ind2=" ">
      <subfield code="5">Elan</subfield>
      <subfield code="a">Online epub (0.82 MB)</subfield>
    </datafield>
    <datafield tag="500" ind1=" " ind2=" ">
      <subfield code="5">Elan</subfield>
      <subfield code="a">Offline epub med Adobe-kryptering (0.82 MB)</subfield>
    </datafield>
    <datafield tag="856" ind1="4" ind2="2">
      <subfield code="5">Elan</subfield>
      <subfield code="u"> https://samplefiles.elib.se/epub/1015832/1015832_201511101000.epub </subfield>
      <subfield code="x">origin:Elib</subfield>
      <subfield code="z">Provläs</subfield>
    </datafield>
    <datafield tag="887" ind1=" " ind2=" ">
      <subfield code="5">Elan</subfield>
      <subfield code="a">
                {"@id":"gqljf2lddf0q1rpq","modified":"2019-03-19T15:37:09.172+01:00","checksum":"32568576029"} </subfield>
      <subfield code="2">librisxl</subfield>
    </datafield>
    <datafield tag="841" ind1=" " ind2=" ">
      <subfield code="5">Elib</subfield>
      <subfield code="a">x a</subfield>
      <subfield code="b">141215||0000|||||000||||||000000</subfield>
      <subfield code="e">1</subfield>
    </datafield>
    <datafield tag="024" ind1="7" ind2=" ">
      <subfield code="5">Elib</subfield>
      <subfield code="a">1015832</subfield>
      <subfield code="2">Distributör: Elib</subfield>
    </datafield>
    <datafield tag="887" ind1=" " ind2=" ">
      <subfield code="5">Elib</subfield>
      <subfield code="a">
                {"@id":"x280w9l303q3k5z","modified":"2019-03-19T15:37:09.031+01:00","checksum":"31864821126"} </subfield>
      <subfield code="2">librisxl</subfield>
    </datafield>
    <datafield tag="841" ind1=" " ind2=" ">
      <subfield code="5">GbgE</subfield>
      <subfield code="a">x a</subfield>
      <subfield code="b">150113||0000|||||000||||||000000</subfield>
      <subfield code="e">1</subfield>
    </datafield>
    <datafield tag="024" ind1="7" ind2=" ">
      <subfield code="5">GbgE</subfield>
      <subfield code="a">1015832</subfield>
      <subfield code="2">Distributör: Elib</subfield>
    </datafield>
    <datafield tag="500" ind1=" " ind2=" ">
      <subfield code="5">GbgE</subfield>
      <subfield code="a">Online epub (0.82 MB)</subfield>
    </datafield>
    <datafield tag="500" ind1=" " ind2=" ">
      <subfield code="5">GbgE</subfield>
      <subfield code="a">Offline epub med Adobe-kryptering (0.82 MB)</subfield>
    </datafield>
    <datafield tag="856" ind1="4" ind2="2">
      <subfield code="5">GbgE</subfield>
      <subfield code="u">http://e-gotlib.elib.se/Books/Details/1015832</subfield>
      <subfield code="x">origin:Elib</subfield>
      <subfield code="z">Låna från ditt bibliotek. Lånekort krävs.</subfield>
    </datafield>
    <datafield tag="856" ind1="4" ind2="2">
      <subfield code="5">GbgE</subfield>
      <subfield code="u"> https://samplefiles.elib.se/epub/1015832/1015832_201511101000.epub </subfield>
      <subfield code="x">origin:Elib</subfield>
      <subfield code="z">Provläs</subfield>
    </datafield>
    <datafield tag="887" ind1=" " ind2=" ">
      <subfield code="5">GbgE</subfield>
      <subfield code="a">
                {"@id":"x281h6v35fdvj0c","modified":"2019-03-19T15:37:10.902+01:00","checksum":"30306233669"} </subfield>
      <subfield code="2">librisxl</subfield>
    </datafield>
    <datafield tag="841" ind1=" " ind2=" ">
      <subfield code="5">Gnes</subfield>
      <subfield code="a">x a</subfield>
      <subfield code="b">190213||0000|||||000||||||000000</subfield>
      <subfield code="e">1</subfield>
    </datafield>
    <datafield tag="024" ind1="7" ind2=" ">
      <subfield code="5">Gnes</subfield>
      <subfield code="a">1015832</subfield>
      <subfield code="2">Distributör: Elib</subfield>
    </datafield>
    <datafield tag="500" ind1=" " ind2=" ">
      <subfield code="5">Gnes</subfield>
      <subfield code="a">Online epub (0.82 MB)</subfield>
    </datafield>
    <datafield tag="500" ind1=" " ind2=" ">
      <subfield code="5">Gnes</subfield>
      <subfield code="a">Offline epub med Adobe-kryptering (0.82 MB)</subfield>
    </datafield>
    <datafield tag="856" ind1="4" ind2="2">
      <subfield code="5">Gnes</subfield>
      <subfield code="u"> https://samplefiles.elib.se/epub/1015832/1015832_201511101000.epub </subfield>
      <subfield code="x">origin:Elib</subfield>
      <subfield code="z">Provläs</subfield>
    </datafield>
    <datafield tag="887" ind1=" " ind2=" ">
      <subfield code="5">Gnes</subfield>
      <subfield code="a">
                {"@id":"fp7mk52ncznv0qv9","modified":"2019-03-19T15:37:11.804+01:00","checksum":"27927009146"} </subfield>
      <subfield code="2">librisxl</subfield>
    </datafield>
    <datafield tag="841" ind1=" " ind2=" ">
      <subfield code="5">Gnos</subfield>
      <subfield code="a">x a</subfield>
      <subfield code="b">141113||0000|||||000||||||000000</subfield>
      <subfield code="e">1</subfield>
    </datafield>
    <datafield tag="024" ind1="7" ind2=" ">
      <subfield code="5">Gnos</subfield>
      <subfield code="a">1015832</subfield>
      <subfield code="2">Distributör: Elib</subfield>
    </datafield>
    <datafield tag="500" ind1=" " ind2=" ">
      <subfield code="5">Gnos</subfield>
      <subfield code="a">Online epub (0.82 MB)</subfield>
    </datafield>
    <datafield tag="500" ind1=" " ind2=" ">
      <subfield code="5">Gnos</subfield>
      <subfield code="a">Offline epub med Adobe-kryptering (0.82 MB)</subfield>
    </datafield>
    <datafield tag="856" ind1="4" ind2="2">
      <subfield code="5">Gnos</subfield>
      <subfield code="u"> https://samplefiles.elib.se/epub/1015832/1015832_201511101000.epub </subfield>
      <subfield code="x">origin:Elib</subfield>
      <subfield code="z">Provläs</subfield>
    </datafield>
    <datafield tag="887" ind1=" " ind2=" ">
      <subfield code="5">Gnos</subfield>
      <subfield code="a">
                {"@id":"djqg0zlk52cwnnh","modified":"2019-03-19T15:37:09.87+01:00","checksum":"36895588870"} </subfield>
      <subfield code="2">librisxl</subfield>
    </datafield>
    <datafield tag="841" ind1=" " ind2=" ">
      <subfield code="5">Habo</subfield>
      <subfield code="a">x a</subfield>
      <subfield code="b">170104||0000|||||000||||||000000</subfield>
      <subfield code="e">1</subfield>
    </datafield>
    <datafield tag="024" ind1="7" ind2=" ">
      <subfield code="5">Habo</subfield>
      <subfield code="a">1015832</subfield>
      <subfield code="2">Distributör: Elib</subfield>
    </datafield>
    <datafield tag="500" ind1=" " ind2=" ">
      <subfield code="5">Habo</subfield>
      <subfield code="a">Online epub (0.82 MB)</subfield>
    </datafield>
    <datafield tag="500" ind1=" " ind2=" ">
      <subfield code="5">Habo</subfield>
      <subfield code="a">Offline epub med Adobe-kryptering (0.82 MB)</subfield>
    </datafield>
    <datafield tag="856" ind1="4" ind2="2">
      <subfield code="5">Habo</subfield>
      <subfield code="u"> https://samplefiles.elib.se/epub/1015832/1015832_201511101000.epub </subfield>
      <subfield code="x">origin:Elib</subfield>
      <subfield code="z">Provläs</subfield>
    </datafield>
    <datafield tag="887" ind1=" " ind2=" ">
      <subfield code="5">Habo</subfield>
      <subfield code="a">
                {"@id":"qv37h86w3x8cn10","modified":"2019-03-19T15:37:09.103+01:00","checksum":"31876981757"} </subfield>
      <subfield code="2">librisxl</subfield>
    </datafield>
    <datafield tag="841" ind1=" " ind2=" ">
      <subfield code="5">Hamn</subfield>
      <subfield code="a">x a</subfield>
      <subfield code="b">171120||0000|||||000||||||000000</subfield>
      <subfield code="e">1</subfield>
    </datafield>
    <datafield tag="024" ind1="7" ind2=" ">
      <subfield code="5">Hamn</subfield>
      <subfield code="a">1015832</subfield>
      <subfield code="2">Distributör: Elib</subfield>
    </datafield>
    <datafield tag="500" ind1=" " ind2=" ">
      <subfield code="5">Hamn</subfield>
      <subfield code="a">Online epub (0.82 MB)</subfield>
    </datafield>
    <datafield tag="500" ind1=" " ind2=" ">
      <subfield code="5">Hamn</subfield>
      <subfield code="a">Offline epub med Adobe-kryptering (0.82 MB)</subfield>
    </datafield>
    <datafield tag="856" ind1="4" ind2="2">
      <subfield code="5">Hamn</subfield>
      <subfield code="u">http://kulturivast.elib.se/Books/Details/1015832</subfield>
      <subfield code="x">origin:Elib</subfield>
      <subfield code="z">Låna från ditt bibliotek. Lånekort krävs.</subfield>
    </datafield>
    <datafield tag="856" ind1="4" ind2="2">
      <subfield code="5">Hamn</subfield>
      <subfield code="u"> https://samplefiles.elib.se/epub/1015832/1015832_201511101000.epub </subfield>
      <subfield code="x">origin:Elib</subfield>
      <subfield code="z">Provläs</subfield>
    </datafield>
    <datafield tag="887" ind1=" " ind2=" ">
      <subfield code="5">Hamn</subfield>
      <subfield code="a">
                {"@id":"qv3g13vw1gmf13j","modified":"2019-03-19T15:37:09.726+01:00","checksum":"27859880496"} </subfield>
      <subfield code="2">librisxl</subfield>
    </datafield>
    <datafield tag="841" ind1=" " ind2=" ">
      <subfield code="5">Harj</subfield>
      <subfield code="a">x a</subfield>
      <subfield code="b">160413||0000|||||000||||||000000</subfield>
      <subfield code="e">1</subfield>
    </datafield>
    <datafield tag="024" ind1="7" ind2=" ">
      <subfield code="5">Harj</subfield>
      <subfield code="a">1015832</subfield>
      <subfield code="2">Distributör: Elib</subfield>
    </datafield>
    <datafield tag="500" ind1=" " ind2=" ">
      <subfield code="5">Harj</subfield>
      <subfield code="a">Online epub (0.82 MB)</subfield>
    </datafield>
    <datafield tag="500" ind1=" " ind2=" ">
      <subfield code="5">Harj</subfield>
      <subfield code="a">Offline epub med Adobe-kryptering (0.82 MB)</subfield>
    </datafield>
    <datafield tag="856" ind1="4" ind2="2">
      <subfield code="5">Harj</subfield>
      <subfield code="u"> https://samplefiles.elib.se/epub/1015832/1015832_201511101000.epub </subfield>
      <subfield code="x">origin:Elib</subfield>
      <subfield code="z">Provläs</subfield>
    </datafield>
    <datafield tag="887" ind1=" " ind2=" ">
      <subfield code="5">Harj</subfield>
      <subfield code="a">
                {"@id":"26fd6fd75gs5kh3","modified":"2019-03-19T15:37:10.384+01:00","checksum":"36241015751"} </subfield>
      <subfield code="2">librisxl</subfield>
    </datafield>
    <datafield tag="841" ind1=" " ind2=" ">
      <subfield code="5">Hasb</subfield>
      <subfield code="a">x a</subfield>
      <subfield code="b">141209||0000|||||000||||||000000</subfield>
      <subfield code="e">1</subfield>
    </datafield>
    <datafield tag="024" ind1="7" ind2=" ">
      <subfield code="5">Hasb</subfield>
      <subfield code="a">1015832</subfield>
      <subfield code="2">Distributör: Elib</subfield>
    </datafield>
    <datafield tag="500" ind1=" " ind2=" ">
      <subfield code="5">Hasb</subfield>
      <subfield code="a">Online epub (0.82 MB)</subfield>
    </datafield>
    <datafield tag="500" ind1=" " ind2=" ">
      <subfield code="5">Hasb</subfield>
      <subfield code="a">Offline epub med Adobe-kryptering (0.82 MB)</subfield>
    </datafield>
    <datafield tag="856" ind1="4" ind2="2">
      <subfield code="5">Hasb</subfield>
      <subfield code="u"> https://samplefiles.elib.se/epub/1015832/1015832_201511101000.epub </subfield>
      <subfield code="x">origin:Elib</subfield>
      <subfield code="z">Provläs</subfield>
    </datafield>
    <datafield tag="887" ind1=" " ind2=" ">
      <subfield code="5">Hasb</subfield>
      <subfield code="a">
                {"@id":"9fmc466g3cfj8g8","modified":"2019-03-19T15:37:11.034+01:00","checksum":"27685419390"} </subfield>
      <subfield code="2">librisxl</subfield>
    </datafield>
    <datafield tag="841" ind1=" " ind2=" ">
      <subfield code="5">Helg</subfield>
      <subfield code="a">x a</subfield>
      <subfield code="b">160120||0000|||||000||||||000000</subfield>
      <subfield code="e">1</subfield>
    </datafield>
    <datafield tag="024" ind1="7" ind2=" ">
      <subfield code="5">Helg</subfield>
      <subfield code="a">1015832</subfield>
      <subfield code="2">Distributör: Elib</subfield>
    </datafield>
    <datafield tag="500" ind1=" " ind2=" ">
      <subfield code="5">Helg</subfield>
      <subfield code="a">Online epub (0.82 MB)</subfield>
    </datafield>
    <datafield tag="500" ind1=" " ind2=" ">
      <subfield code="5">Helg</subfield>
      <subfield code="a">Offline epub med Adobe-kryptering (0.82 MB)</subfield>
    </datafield>
    <datafield tag="856" ind1="4" ind2="2">
      <subfield code="5">Helg</subfield>
      <subfield code="u"> https://samplefiles.elib.se/epub/1015832/1015832_201511101000.epub </subfield>
      <subfield code="x">origin:Elib</subfield>
      <subfield code="z">Provläs</subfield>
    </datafield>
    <datafield tag="887" ind1=" " ind2=" ">
      <subfield code="5">Helg</subfield>
      <subfield code="a">
                {"@id":"chqmb59j1nhzn5z","modified":"2019-03-19T15:37:09.938+01:00","checksum":"35519878530"} </subfield>
      <subfield code="2">librisxl</subfield>
    </datafield>
    <datafield tag="841" ind1=" " ind2=" ">
      <subfield code="5">HibE</subfield>
      <subfield code="a">x a</subfield>
      <subfield code="b">150609||0000|||||000||||||000000</subfield>
      <subfield code="e">1</subfield>
    </datafield>
    <datafield tag="024" ind1="7" ind2=" ">
      <subfield code="5">HibE</subfield>
      <subfield code="a">1015832</subfield>
      <subfield code="2">Distributör: Elib</subfield>
    </datafield>
    <datafield tag="500" ind1=" " ind2=" ">
      <subfield code="5">HibE</subfield>
      <subfield code="a">Online epub (0.82 MB)</subfield>
    </datafield>
    <datafield tag="500" ind1=" " ind2=" ">
      <subfield code="5">HibE</subfield>
      <subfield code="a">Offline epub med Adobe-kryptering (0.82 MB)</subfield>
    </datafield>
    <datafield tag="856" ind1="4" ind2="2">
      <subfield code="5">HibE</subfield>
      <subfield code="u">http://hb.elib.se/Books/Details/1015832</subfield>
      <subfield code="x">origin:Elib</subfield>
      <subfield code="z">Låna från ditt bibliotek. Lånekort krävs.</subfield>
    </datafield>
    <datafield tag="856" ind1="4" ind2="2">
      <subfield code="5">HibE</subfield>
      <subfield code="u"> https://samplefiles.elib.se/epub/1015832/1015832_201511101000.epub </subfield>
      <subfield code="x">origin:Elib</subfield>
      <subfield code="z">Provläs</subfield>
    </datafield>
    <datafield tag="887" ind1=" " ind2=" ">
      <subfield code="5">HibE</subfield>
      <subfield code="a">
                {"@id":"ns1t86tt0kl34m6","modified":"2019-03-19T15:37:11.733+01:00","checksum":"27090452248"} </subfield>
      <subfield code="2">librisxl</subfield>
    </datafield>
    <datafield tag="841" ind1=" " ind2=" ">
      <subfield code="5">HsdE</subfield>
      <subfield code="a">x a</subfield>
      <subfield code="b">160331||0000|||||000||||||000000</subfield>
      <subfield code="e">1</subfield>
    </datafield>
    <datafield tag="024" ind1="7" ind2=" ">
      <subfield code="5">HsdE</subfield>
      <subfield code="a">1015832</subfield>
      <subfield code="2">Distributör: Elib</subfield>
    </datafield>
    <datafield tag="500" ind1=" " ind2=" ">
      <subfield code="5">HsdE</subfield>
      <subfield code="a">Online epub (0.82 MB)</subfield>
    </datafield>
    <datafield tag="500" ind1=" " ind2=" ">
      <subfield code="5">HsdE</subfield>
      <subfield code="a">Offline epub med Adobe-kryptering (0.82 MB)</subfield>
    </datafield>
    <datafield tag="856" ind1="4" ind2="2">
      <subfield code="5">HsdE</subfield>
      <subfield code="u"> https://samplefiles.elib.se/epub/1015832/1015832_201511101000.epub </subfield>
      <subfield code="x">origin:Elib</subfield>
      <subfield code="z">Provläs</subfield>
    </datafield>
    <datafield tag="887" ind1=" " ind2=" ">
      <subfield code="5">HsdE</subfield>
      <subfield code="a">
                {"@id":"rw43jhcx00ln07h","modified":"2019-03-19T15:37:11.102+01:00","checksum":"36955065612"} </subfield>
      <subfield code="2">librisxl</subfield>
    </datafield>
    <datafield tag="841" ind1=" " ind2=" ">
      <subfield code="5">JosE</subfield>
      <subfield code="a">x a</subfield>
      <subfield code="b">171124||0000|||||000||||||000000</subfield>
      <subfield code="e">1</subfield>
    </datafield>
    <datafield tag="024" ind1="7" ind2=" ">
      <subfield code="5">JosE</subfield>
      <subfield code="a">1015832</subfield>
      <subfield code="2">Distributör: Elib</subfield>
    </datafield>
    <datafield tag="500" ind1=" " ind2=" ">
      <subfield code="5">JosE</subfield>
      <subfield code="a">Online epub (0.82 MB)</subfield>
    </datafield>
    <datafield tag="500" ind1=" " ind2=" ">
      <subfield code="5">JosE</subfield>
      <subfield code="a">Offline epub med Adobe-kryptering (0.82 MB)</subfield>
    </datafield>
    <datafield tag="856" ind1="4" ind2="2">
      <subfield code="5">JosE</subfield>
      <subfield code="u"> https://samplefiles.elib.se/epub/1015832/1015832_201511101000.epub </subfield>
      <subfield code="x">origin:Elib</subfield>
      <subfield code="z">Provläs</subfield>
    </datafield>
    <datafield tag="887" ind1=" " ind2=" ">
      <subfield code="5">JosE</subfield>
      <subfield code="a">
                {"@id":"pt2f4vsv52jrk4m","modified":"2019-03-19T15:37:09.246+01:00","checksum":"25726930772"} </subfield>
      <subfield code="2">librisxl</subfield>
    </datafield>
    <datafield tag="841" ind1=" " ind2=" ">
      <subfield code="5">Kas</subfield>
      <subfield code="a">x a</subfield>
      <subfield code="b">190212||0000|||||000||||||000000</subfield>
      <subfield code="e">1</subfield>
    </datafield>
    <datafield tag="024" ind1="7" ind2=" ">
      <subfield code="5">Kas</subfield>
      <subfield code="a">1015832</subfield>
      <subfield code="2">Distributör: Elib</subfield>
    </datafield>
    <datafield tag="500" ind1=" " ind2=" ">
      <subfield code="5">Kas</subfield>
      <subfield code="a">Online epub (0.82 MB)</subfield>
    </datafield>
    <datafield tag="500" ind1=" " ind2=" ">
      <subfield code="5">Kas</subfield>
      <subfield code="a">Offline epub med Adobe-kryptering (0.82 MB)</subfield>
    </datafield>
    <datafield tag="856" ind1="4" ind2="2">
      <subfield code="5">Kas</subfield>
      <subfield code="u"> https://samplefiles.elib.se/epub/1015832/1015832_201511101000.epub </subfield>
      <subfield code="x">origin:Elib</subfield>
      <subfield code="z">Provläs</subfield>
    </datafield>
    <datafield tag="887" ind1=" " ind2=" ">
      <subfield code="5">Kas</subfield>
      <subfield code="a">
                {"@id":"9k3cx10d7nhrsxrx","modified":"2019-03-19T15:37:10.959+01:00","checksum":"26859097738"} </subfield>
      <subfield code="2">librisxl</subfield>
    </datafield>
    <datafield tag="841" ind1=" " ind2=" ">
      <subfield code="5">Kniv</subfield>
      <subfield code="a">x a</subfield>
      <subfield code="b">190211||0000|||||000||||||000000</subfield>
      <subfield code="e">1</subfield>
    </datafield>
    <datafield tag="024" ind1="7" ind2=" ">
      <subfield code="5">Kniv</subfield>
      <subfield code="a">1015832</subfield>
      <subfield code="2">Distributör: Elib</subfield>
    </datafield>
    <datafield tag="500" ind1=" " ind2=" ">
      <subfield code="5">Kniv</subfield>
      <subfield code="a">Online epub (0.82 MB)</subfield>
    </datafield>
    <datafield tag="500" ind1=" " ind2=" ">
      <subfield code="5">Kniv</subfield>
      <subfield code="a">Offline epub med Adobe-kryptering (0.82 MB)</subfield>
    </datafield>
    <datafield tag="856" ind1="4" ind2="2">
      <subfield code="5">Kniv</subfield>
      <subfield code="u"> https://samplefiles.elib.se/epub/1015832/1015832_201511101000.epub </subfield>
      <subfield code="x">origin:Elib</subfield>
      <subfield code="z">Provläs</subfield>
    </datafield>
    <datafield tag="887" ind1=" " ind2=" ">
      <subfield code="5">Kniv</subfield>
      <subfield code="a">
                {"@id":"w5pvgzv4t33kdw9n","modified":"2019-03-19T15:37:11.51+01:00","checksum":"22453734243"} </subfield>
      <subfield code="2">librisxl</subfield>
    </datafield>
    <datafield tag="841" ind1=" " ind2=" ">
      <subfield code="5">Krkb</subfield>
      <subfield code="a">x a</subfield>
      <subfield code="b">180524||0000|||||000||||||000000</subfield>
      <subfield code="e">1</subfield>
    </datafield>
    <datafield tag="024" ind1="7" ind2=" ">
      <subfield code="5">Krkb</subfield>
      <subfield code="a">1015832</subfield>
      <subfield code="2">Distributör: Elib</subfield>
    </datafield>
    <datafield tag="500" ind1=" " ind2=" ">
      <subfield code="5">Krkb</subfield>
      <subfield code="a">Online epub (0.82 MB)</subfield>
    </datafield>
    <datafield tag="500" ind1=" " ind2=" ">
      <subfield code="5">Krkb</subfield>
      <subfield code="a">Offline epub med Adobe-kryptering (0.82 MB)</subfield>
    </datafield>
    <datafield tag="856" ind1="4" ind2="2">
      <subfield code="5">Krkb</subfield>
      <subfield code="u"> https://samplefiles.elib.se/epub/1015832/1015832_201511101000.epub </subfield>
      <subfield code="x">origin:Elib</subfield>
      <subfield code="z">Provläs</subfield>
    </datafield>
    <datafield tag="887" ind1=" " ind2=" ">
      <subfield code="5">Krkb</subfield>
      <subfield code="a">
                {"@id":"bgp545vh11q0862","modified":"2019-03-19T15:37:10.511+01:00","checksum":"27676484369"} </subfield>
      <subfield code="2">librisxl</subfield>
    </datafield>
    <datafield tag="841" ind1=" " ind2=" ">
      <subfield code="5">Kssb</subfield>
      <subfield code="a">x a</subfield>
      <subfield code="b">141127||0000|||||000||||||000000</subfield>
      <subfield code="e">1</subfield>
    </datafield>
    <datafield tag="024" ind1="7" ind2=" ">
      <subfield code="5">Kssb</subfield>
      <subfield code="a">1015832</subfield>
      <subfield code="2">Distributör: Elib</subfield>
    </datafield>
    <datafield tag="500" ind1=" " ind2=" ">
      <subfield code="5">Kssb</subfield>
      <subfield code="a">Online epub (0.82 MB)</subfield>
    </datafield>
    <datafield tag="500" ind1=" " ind2=" ">
      <subfield code="5">Kssb</subfield>
      <subfield code="a">Offline epub med Adobe-kryptering (0.82 MB)</subfield>
    </datafield>
    <datafield tag="856" ind1="4" ind2="2">
      <subfield code="5">Kssb</subfield>
      <subfield code="u"> https://samplefiles.elib.se/epub/1015832/1015832_201511101000.epub </subfield>
      <subfield code="x">origin:Elib</subfield>
      <subfield code="z">Provläs</subfield>
    </datafield>
    <datafield tag="887" ind1=" " ind2=" ">
      <subfield code="5">Kssb</subfield>
      <subfield code="a">
                {"@id":"w17zmfb254q82ng","modified":"2019-03-19T15:37:10.318+01:00","checksum":"33619472135"} </subfield>
      <subfield code="2">librisxl</subfield>
    </datafield>
    <datafield tag="841" ind1=" " ind2=" ">
      <subfield code="5">Leru</subfield>
      <subfield code="a">x a</subfield>
      <subfield code="b">141215||0000|||||000||||||000000</subfield>
      <subfield code="e">1</subfield>
    </datafield>
    <datafield tag="024" ind1="7" ind2=" ">
      <subfield code="5">Leru</subfield>
      <subfield code="a">1015832</subfield>
      <subfield code="2">Distributör: Elib</subfield>
    </datafield>
    <datafield tag="500" ind1=" " ind2=" ">
      <subfield code="5">Leru</subfield>
      <subfield code="a">Online epub (0.82 MB)</subfield>
    </datafield>
    <datafield tag="500" ind1=" " ind2=" ">
      <subfield code="5">Leru</subfield>
      <subfield code="a">Offline epub med Adobe-kryptering (0.82 MB)</subfield>
    </datafield>
    <datafield tag="856" ind1="4" ind2="2">
      <subfield code="5">Leru</subfield>
      <subfield code="u">http://kulturivast.elib.se/Books/Details/1015832</subfield>
      <subfield code="x">origin:Elib</subfield>
      <subfield code="z">Låna från ditt bibliotek. Lånekort krävs.</subfield>
    </datafield>
    <datafield tag="856" ind1="4" ind2="2">
      <subfield code="5">Leru</subfield>
      <subfield code="u"> https://samplefiles.elib.se/epub/1015832/1015832_201511101000.epub </subfield>
      <subfield code="x">origin:Elib</subfield>
      <subfield code="z">Provläs</subfield>
    </datafield>
    <datafield tag="887" ind1=" " ind2=" ">
      <subfield code="5">Leru</subfield>
      <subfield code="a">
                {"@id":"04b2zcn55dxzsnv","modified":"2019-03-19T15:37:09.32+01:00","checksum":"28077419870"} </subfield>
      <subfield code="2">librisxl</subfield>
    </datafield>
    <datafield tag="841" ind1=" " ind2=" ">
      <subfield code="5">Less</subfield>
      <subfield code="a">x a</subfield>
      <subfield code="b">141117||0000|||||000||||||000000</subfield>
      <subfield code="e">1</subfield>
    </datafield>
    <datafield tag="024" ind1="7" ind2=" ">
      <subfield code="5">Less</subfield>
      <subfield code="a">1015832</subfield>
      <subfield code="2">Distributör: Elib</subfield>
    </datafield>
    <datafield tag="500" ind1=" " ind2=" ">
      <subfield code="5">Less</subfield>
      <subfield code="a">Online epub (0.82 MB)</subfield>
    </datafield>
    <datafield tag="500" ind1=" " ind2=" ">
      <subfield code="5">Less</subfield>
      <subfield code="a">Offline epub med Adobe-kryptering (0.82 MB)</subfield>
    </datafield>
    <datafield tag="856" ind1="4" ind2="2">
      <subfield code="5">Less</subfield>
      <subfield code="u"> https://samplefiles.elib.se/epub/1015832/1015832_201511101000.epub </subfield>
      <subfield code="x">origin:Elib</subfield>
      <subfield code="z">Provläs</subfield>
    </datafield>
    <datafield tag="887" ind1=" " ind2=" ">
      <subfield code="5">Less</subfield>
      <subfield code="a">
                {"@id":"9fmcxqdg1g999nk","modified":"2019-03-19T15:37:10.063+01:00","checksum":"31344697259"} </subfield>
      <subfield code="2">librisxl</subfield>
    </datafield>
    <datafield tag="841" ind1=" " ind2=" ">
      <subfield code="5">Lisb</subfield>
      <subfield code="a">x a</subfield>
      <subfield code="b">180306||0000|||||000||||||000000</subfield>
      <subfield code="e">1</subfield>
    </datafield>
    <datafield tag="024" ind1="7" ind2=" ">
      <subfield code="5">Lisb</subfield>
      <subfield code="a">1015832</subfield>
      <subfield code="2">Distributör: Elib</subfield>
    </datafield>
    <datafield tag="500" ind1=" " ind2=" ">
      <subfield code="5">Lisb</subfield>
      <subfield code="a">Online epub (0.82 MB)</subfield>
    </datafield>
    <datafield tag="500" ind1=" " ind2=" ">
      <subfield code="5">Lisb</subfield>
      <subfield code="a">Offline epub med Adobe-kryptering (0.82 MB)</subfield>
    </datafield>
    <datafield tag="856" ind1="4" ind2="2">
      <subfield code="5">Lisb</subfield>
      <subfield code="u"> https://samplefiles.elib.se/epub/1015832/1015832_201511101000.epub </subfield>
      <subfield code="x">origin:Elib</subfield>
      <subfield code="z">Provläs</subfield>
    </datafield>
    <datafield tag="887" ind1=" " ind2=" ">
      <subfield code="5">Lisb</subfield>
      <subfield code="a">
                {"@id":"djr62bjk3xmb4g1","modified":"2019-03-19T15:37:11.373+01:00","checksum":"31127310483"} </subfield>
      <subfield code="2">librisxl</subfield>
    </datafield>
    <datafield tag="841" ind1=" " ind2=" ">
      <subfield code="5">Lyck</subfield>
      <subfield code="a">x a</subfield>
      <subfield code="b">150115||0000|||||000||||||000000</subfield>
      <subfield code="e">1</subfield>
    </datafield>
    <datafield tag="024" ind1="7" ind2=" ">
      <subfield code="5">Lyck</subfield>
      <subfield code="a">1015832</subfield>
      <subfield code="2">Distributör: Elib</subfield>
    </datafield>
    <datafield tag="500" ind1=" " ind2=" ">
      <subfield code="5">Lyck</subfield>
      <subfield code="a">Online epub (0.82 MB)</subfield>
    </datafield>
    <datafield tag="500" ind1=" " ind2=" ">
      <subfield code="5">Lyck</subfield>
      <subfield code="a">Offline epub med Adobe-kryptering (0.82 MB)</subfield>
    </datafield>
    <datafield tag="856" ind1="4" ind2="2">
      <subfield code="5">Lyck</subfield>
      <subfield code="u">http://kulturivast.elib.se/Books/Details/1015832</subfield>
      <subfield code="x">origin:Elib</subfield>
      <subfield code="z">Låna från ditt bibliotek. Lånekort krävs.</subfield>
    </datafield>
    <datafield tag="856" ind1="4" ind2="2">
      <subfield code="5">Lyck</subfield>
      <subfield code="u"> https://samplefiles.elib.se/epub/1015832/1015832_201511101000.epub </subfield>
      <subfield code="x">origin:Elib</subfield>
      <subfield code="z">Provläs</subfield>
    </datafield>
    <datafield tag="887" ind1=" " ind2=" ">
      <subfield code="5">Lyck</subfield>
      <subfield code="a">
                {"@id":"15c4m4l62k18rw6","modified":"2019-03-19T15:37:09.464+01:00","checksum":"29818519165"} </subfield>
      <subfield code="2">librisxl</subfield>
    </datafield>
    <datafield tag="841" ind1=" " ind2=" ">
      <subfield code="5">MoE</subfield>
      <subfield code="a">x a</subfield>
      <subfield code="b">160906||0000|||||000||||||000000</subfield>
      <subfield code="e">1</subfield>
    </datafield>
    <datafield tag="024" ind1="7" ind2=" ">
      <subfield code="5">MoE</subfield>
      <subfield code="a">1015832</subfield>
      <subfield code="2">Distributör: Elib</subfield>
    </datafield>
    <datafield tag="500" ind1=" " ind2=" ">
      <subfield code="5">MoE</subfield>
      <subfield code="a">Online epub (0.82 MB)</subfield>
    </datafield>
    <datafield tag="500" ind1=" " ind2=" ">
      <subfield code="5">MoE</subfield>
      <subfield code="a">Offline epub med Adobe-kryptering (0.82 MB)</subfield>
    </datafield>
    <datafield tag="856" ind1="4" ind2="2">
      <subfield code="5">MoE</subfield>
      <subfield code="u">http://malmo.elib.se/Books/Details/1015832</subfield>
      <subfield code="x">origin:Elib</subfield>
      <subfield code="z">Låna från ditt bibliotek. Lånekort krävs.</subfield>
    </datafield>
    <datafield tag="856" ind1="4" ind2="2">
      <subfield code="5">MoE</subfield>
      <subfield code="u"> https://samplefiles.elib.se/epub/1015832/1015832_201511101000.epub </subfield>
      <subfield code="x">origin:Elib</subfield>
      <subfield code="z">Provläs</subfield>
    </datafield>
    <datafield tag="887" ind1=" " ind2=" ">
      <subfield code="5">MoE</subfield>
      <subfield code="a">
                {"@id":"ns137jst48vq0jr","modified":"2019-03-19T15:37:10.769+01:00","checksum":"33499831434"} </subfield>
      <subfield code="2">librisxl</subfield>
    </datafield>
    <datafield tag="841" ind1=" " ind2=" ">
      <subfield code="5">Moln</subfield>
      <subfield code="a">x a</subfield>
      <subfield code="b">150114||0000|||||000||||||000000</subfield>
      <subfield code="e">1</subfield>
    </datafield>
    <datafield tag="024" ind1="7" ind2=" ">
      <subfield code="5">Moln</subfield>
      <subfield code="a">1015832</subfield>
      <subfield code="2">Distributör: Elib</subfield>
    </datafield>
    <datafield tag="500" ind1=" " ind2=" ">
      <subfield code="5">Moln</subfield>
      <subfield code="a">Online epub (0.82 MB)</subfield>
    </datafield>
    <datafield tag="500" ind1=" " ind2=" ">
      <subfield code="5">Moln</subfield>
      <subfield code="a">Offline epub med Adobe-kryptering (0.82 MB)</subfield>
    </datafield>
    <datafield tag="856" ind1="4" ind2="2">
      <subfield code="5">Moln</subfield>
      <subfield code="u"> https://samplefiles.elib.se/epub/1015832/1015832_201511101000.epub </subfield>
      <subfield code="x">origin:Elib</subfield>
      <subfield code="z">Provläs</subfield>
    </datafield>
    <datafield tag="887" ind1=" " ind2=" ">
      <subfield code="5">Moln</subfield>
      <subfield code="a">
                {"@id":"pt1s8sqv3dzrbb1","modified":"2019-03-19T15:37:11.445+01:00","checksum":"31718842847"} </subfield>
      <subfield code="2">librisxl</subfield>
    </datafield>
    <datafield tag="841" ind1=" " ind2=" ">
      <subfield code="5">Munk</subfield>
      <subfield code="a">x a</subfield>
      <subfield code="b">171120||0000|||||000||||||000000</subfield>
      <subfield code="e">1</subfield>
    </datafield>
    <datafield tag="024" ind1="7" ind2=" ">
      <subfield code="5">Munk</subfield>
      <subfield code="a">1015832</subfield>
      <subfield code="2">Distributör: Elib</subfield>
    </datafield>
    <datafield tag="500" ind1=" " ind2=" ">
      <subfield code="5">Munk</subfield>
      <subfield code="a">Online epub (0.82 MB)</subfield>
    </datafield>
    <datafield tag="500" ind1=" " ind2=" ">
      <subfield code="5">Munk</subfield>
      <subfield code="a">Offline epub med Adobe-kryptering (0.82 MB)</subfield>
    </datafield>
    <datafield tag="856" ind1="4" ind2="2">
      <subfield code="5">Munk</subfield>
      <subfield code="u">http://kulturivast.elib.se/Books/Details/1015832</subfield>
      <subfield code="x">origin:Elib</subfield>
      <subfield code="z">Låna från ditt bibliotek. Lånekort krävs.</subfield>
    </datafield>
    <datafield tag="856" ind1="4" ind2="2">
      <subfield code="5">Munk</subfield>
      <subfield code="u"> https://samplefiles.elib.se/epub/1015832/1015832_201511101000.epub </subfield>
      <subfield code="x">origin:Elib</subfield>
      <subfield code="z">Provläs</subfield>
    </datafield>
    <datafield tag="887" ind1=" " ind2=" ">
      <subfield code="5">Munk</subfield>
      <subfield code="a">
                {"@id":"ns1dz1st40k95rd","modified":"2019-03-19T15:37:09.594+01:00","checksum":"26166021613"} </subfield>
      <subfield code="2">librisxl</subfield>
    </datafield>
    <datafield tag="841" ind1=" " ind2=" ">
      <subfield code="5">Nass</subfield>
      <subfield code="a">x a</subfield>
      <subfield code="b">160104||0000|||||000||||||000000</subfield>
      <subfield code="e">1</subfield>
    </datafield>
    <datafield tag="024" ind1="7" ind2=" ">
      <subfield code="5">Nass</subfield>
      <subfield code="a">1015832</subfield>
      <subfield code="2">Distributör: Elib</subfield>
    </datafield>
    <datafield tag="500" ind1=" " ind2=" ">
      <subfield code="5">Nass</subfield>
      <subfield code="a">Online epub (0.82 MB)</subfield>
    </datafield>
    <datafield tag="500" ind1=" " ind2=" ">
      <subfield code="5">Nass</subfield>
      <subfield code="a">Offline epub med Adobe-kryptering (0.82 MB)</subfield>
    </datafield>
    <datafield tag="856" ind1="4" ind2="2">
      <subfield code="5">Nass</subfield>
      <subfield code="u"> https://samplefiles.elib.se/epub/1015832/1015832_201511101000.epub </subfield>
      <subfield code="x">origin:Elib</subfield>
      <subfield code="z">Provläs</subfield>
    </datafield>
    <datafield tag="887" ind1=" " ind2=" ">
      <subfield code="5">Nass</subfield>
      <subfield code="a">
                {"@id":"04c8mkm54zrzj1k","modified":"2019-03-19T15:37:10.12+01:00","checksum":"31388035446"} </subfield>
      <subfield code="2">librisxl</subfield>
    </datafield>
    <datafield tag="841" ind1=" " ind2=" ">
      <subfield code="5">Nyks</subfield>
      <subfield code="a">x a</subfield>
      <subfield code="b">150126||0000|||||000||||||000000</subfield>
      <subfield code="e">1</subfield>
    </datafield>
    <datafield tag="024" ind1="7" ind2=" ">
      <subfield code="5">Nyks</subfield>
      <subfield code="a">1015832</subfield>
      <subfield code="2">Distributör: Elib</subfield>
    </datafield>
    <datafield tag="500" ind1=" " ind2=" ">
      <subfield code="5">Nyks</subfield>
      <subfield code="a">Online epub (0.82 MB)</subfield>
    </datafield>
    <datafield tag="500" ind1=" " ind2=" ">
      <subfield code="5">Nyks</subfield>
      <subfield code="a">Offline epub med Adobe-kryptering (0.82 MB)</subfield>
    </datafield>
    <datafield tag="856" ind1="4" ind2="2">
      <subfield code="5">Nyks</subfield>
      <subfield code="u">http://sormland.elib.se/Books/Details/1015832</subfield>
      <subfield code="x">origin:Elib</subfield>
      <subfield code="z">Låna från ditt bibliotek. Lånekort krävs.</subfield>
    </datafield>
    <datafield tag="856" ind1="4" ind2="2">
      <subfield code="5">Nyks</subfield>
      <subfield code="u"> https://samplefiles.elib.se/epub/1015832/1015832_201511101000.epub </subfield>
      <subfield code="x">origin:Elib</subfield>
      <subfield code="z">Provläs</subfield>
    </datafield>
    <datafield tag="887" ind1=" " ind2=" ">
      <subfield code="5">Nyks</subfield>
      <subfield code="a">
                {"@id":"bgnf599h557fg06","modified":"2019-03-19T15:37:11.241+01:00","checksum":"37390356573"} </subfield>
      <subfield code="2">librisxl</subfield>
    </datafield>
    <datafield tag="841" ind1=" " ind2=" ">
      <subfield code="5">Okb</subfield>
      <subfield code="a">x a</subfield>
      <subfield code="b">190220||0000|||||000||||||000000</subfield>
      <subfield code="e">1</subfield>
    </datafield>
    <datafield tag="024" ind1="7" ind2=" ">
      <subfield code="5">Okb</subfield>
      <subfield code="a">1015832</subfield>
      <subfield code="2">Distributör: Elib</subfield>
    </datafield>
    <datafield tag="500" ind1=" " ind2=" ">
      <subfield code="5">Okb</subfield>
      <subfield code="a">Online epub (0.82 MB)</subfield>
    </datafield>
    <datafield tag="500" ind1=" " ind2=" ">
      <subfield code="5">Okb</subfield>
      <subfield code="a">Offline epub med Adobe-kryptering (0.82 MB)</subfield>
    </datafield>
    <datafield tag="856" ind1="4" ind2="2">
      <subfield code="5">Okb</subfield>
      <subfield code="u"> https://samplefiles.elib.se/epub/1015832/1015832_201511101000.epub </subfield>
      <subfield code="x">origin:Elib</subfield>
      <subfield code="z">Provläs</subfield>
    </datafield>
    <datafield tag="887" ind1=" " ind2=" ">
      <subfield code="5">Okb</subfield>
      <subfield code="a">
                {"@id":"w5qxd4ththb8xd5h","modified":"2019-03-19T15:37:10.699+01:00","checksum":"31950281201"} </subfield>
      <subfield code="2">librisxl</subfield>
    </datafield>
    <datafield tag="841" ind1=" " ind2=" ">
      <subfield code="5">Os</subfield>
      <subfield code="a">x a</subfield>
      <subfield code="b">190221||0000|||||000||||||000000</subfield>
      <subfield code="e">1</subfield>
    </datafield>
    <datafield tag="024" ind1="7" ind2=" ">
      <subfield code="5">Os</subfield>
      <subfield code="a">1015832</subfield>
      <subfield code="2">Distributör: Elib</subfield>
    </datafield>
    <datafield tag="500" ind1=" " ind2=" ">
      <subfield code="5">Os</subfield>
      <subfield code="a">Online epub (0.82 MB)</subfield>
    </datafield>
    <datafield tag="500" ind1=" " ind2=" ">
      <subfield code="5">Os</subfield>
      <subfield code="a">Offline epub med Adobe-kryptering (0.82 MB)</subfield>
    </datafield>
    <datafield tag="856" ind1="4" ind2="2">
      <subfield code="5">Os</subfield>
      <subfield code="u"> https://samplefiles.elib.se/epub/1015832/1015832_201511101000.epub </subfield>
      <subfield code="x">origin:Elib</subfield>
      <subfield code="z">Provläs</subfield>
    </datafield>
    <datafield tag="887" ind1=" " ind2=" ">
      <subfield code="5">Os</subfield>
      <subfield code="a">
                {"@id":"7h2ctpjx5n402wmg","modified":"2019-03-19T15:37:10.447+01:00","checksum":"22165262863"} </subfield>
      <subfield code="2">librisxl</subfield>
    </datafield>
    <datafield tag="841" ind1=" " ind2=" ">
      <subfield code="5">Oxel</subfield>
      <subfield code="a">x a</subfield>
      <subfield code="b">151008||0000|||||000||||||000000</subfield>
      <subfield code="e">1</subfield>
    </datafield>
    <datafield tag="024" ind1="7" ind2=" ">
      <subfield code="5">Oxel</subfield>
      <subfield code="a">1015832</subfield>
      <subfield code="2">Distributör: Elib</subfield>
    </datafield>
    <datafield tag="500" ind1=" " ind2=" ">
      <subfield code="5">Oxel</subfield>
      <subfield code="a">Online epub (0.82 MB)</subfield>
    </datafield>
    <datafield tag="500" ind1=" " ind2=" ">
      <subfield code="5">Oxel</subfield>
      <subfield code="a">Offline epub med Adobe-kryptering (0.82 MB)</subfield>
    </datafield>
    <datafield tag="856" ind1="4" ind2="2">
      <subfield code="5">Oxel</subfield>
      <subfield code="u"> https://samplefiles.elib.se/epub/1015832/1015832_201511101000.epub </subfield>
      <subfield code="x">origin:Elib</subfield>
      <subfield code="z">Provläs</subfield>
    </datafield>
    <datafield tag="887" ind1=" " ind2=" ">
      <subfield code="5">Oxel</subfield>
      <subfield code="a">
                {"@id":"bgpj78zh38s11cf","modified":"2019-03-19T15:37:11.876+01:00","checksum":"25648434090"} </subfield>
      <subfield code="2">librisxl</subfield>
    </datafield>
    <datafield tag="841" ind1=" " ind2=" ">
      <subfield code="5">Skkf</subfield>
      <subfield code="a">x a</subfield>
      <subfield code="b">171120||0000|||||000||||||000000</subfield>
      <subfield code="e">1</subfield>
    </datafield>
    <datafield tag="024" ind1="7" ind2=" ">
      <subfield code="5">Skkf</subfield>
      <subfield code="a">1015832</subfield>
      <subfield code="2">Distributör: Elib</subfield>
    </datafield>
    <datafield tag="500" ind1=" " ind2=" ">
      <subfield code="5">Skkf</subfield>
      <subfield code="a">Online epub (0.82 MB)</subfield>
    </datafield>
    <datafield tag="500" ind1=" " ind2=" ">
      <subfield code="5">Skkf</subfield>
      <subfield code="a">Offline epub med Adobe-kryptering (0.82 MB)</subfield>
    </datafield>
    <datafield tag="856" ind1="4" ind2="2">
      <subfield code="5">Skkf</subfield>
      <subfield code="u">http://kulturivast.elib.se/Books/Details/1015832</subfield>
      <subfield code="x">origin:Elib</subfield>
      <subfield code="z">Låna från ditt bibliotek. Lånekort krävs.</subfield>
    </datafield>
    <datafield tag="856" ind1="4" ind2="2">
      <subfield code="5">Skkf</subfield>
      <subfield code="u"> https://samplefiles.elib.se/epub/1015832/1015832_201511101000.epub </subfield>
      <subfield code="x">origin:Elib</subfield>
      <subfield code="z">Provläs</subfield>
    </datafield>
    <datafield tag="887" ind1=" " ind2=" ">
      <subfield code="5">Skkf</subfield>
      <subfield code="a">
                {"@id":"pt2f02tv18f7qns","modified":"2019-03-19T15:37:09.661+01:00","checksum":"27139314046"} </subfield>
      <subfield code="2">librisxl</subfield>
    </datafield>
    <datafield tag="841" ind1=" " ind2=" ">
      <subfield code="5">Soll</subfield>
      <subfield code="a">x a</subfield>
      <subfield code="b">190108||0000|||||000||||||000000</subfield>
      <subfield code="e">1</subfield>
    </datafield>
    <datafield tag="024" ind1="7" ind2=" ">
      <subfield code="5">Soll</subfield>
      <subfield code="a">1015832</subfield>
      <subfield code="2">Distributör: Elib</subfield>
    </datafield>
    <datafield tag="500" ind1=" " ind2=" ">
      <subfield code="5">Soll</subfield>
      <subfield code="a">Online epub (0.82 MB)</subfield>
    </datafield>
    <datafield tag="500" ind1=" " ind2=" ">
      <subfield code="5">Soll</subfield>
      <subfield code="a">Offline epub med Adobe-kryptering (0.82 MB)</subfield>
    </datafield>
    <datafield tag="856" ind1="4" ind2="2">
      <subfield code="5">Soll</subfield>
      <subfield code="u"> https://samplefiles.elib.se/epub/1015832/1015832_201511101000.epub </subfield>
      <subfield code="x">origin:Elib</subfield>
      <subfield code="z">Provläs</subfield>
    </datafield>
    <datafield tag="887" ind1=" " ind2=" ">
      <subfield code="5">Soll</subfield>
      <subfield code="a">
                {"@id":"bl08wxn68crdpc3z","modified":"2019-03-19T15:37:10.248+01:00","checksum":"32945957571"} </subfield>
      <subfield code="2">librisxl</subfield>
    </datafield>
    <datafield tag="841" ind1=" " ind2=" ">
      <subfield code="5">SsbE</subfield>
      <subfield code="a">x a</subfield>
      <subfield code="b">181213||0000|||||000||||||000000</subfield>
      <subfield code="e">1</subfield>
    </datafield>
    <datafield tag="024" ind1="7" ind2=" ">
      <subfield code="5">SsbE</subfield>
      <subfield code="a">1015832</subfield>
      <subfield code="2">Distributör: Elib</subfield>
    </datafield>
    <datafield tag="500" ind1=" " ind2=" ">
      <subfield code="5">SsbE</subfield>
      <subfield code="a">Online epub (0.82 MB)</subfield>
    </datafield>
    <datafield tag="500" ind1=" " ind2=" ">
      <subfield code="5">SsbE</subfield>
      <subfield code="a">Offline epub med Adobe-kryptering (0.82 MB)</subfield>
    </datafield>
    <datafield tag="856" ind1="4" ind2="2">
      <subfield code="5">SsbE</subfield>
      <subfield code="u"> https://samplefiles.elib.se/epub/1015832/1015832_201511101000.epub </subfield>
      <subfield code="x">origin:Elib</subfield>
      <subfield code="z">Provläs</subfield>
    </datafield>
    <datafield tag="887" ind1=" " ind2=" ">
      <subfield code="5">SsbE</subfield>
      <subfield code="a">
                {"@id":"7hr3ddpr5p6rv8tx","modified":"2019-03-19T15:37:10.84+01:00","checksum":"21331346304"} </subfield>
      <subfield code="2">librisxl</subfield>
    </datafield>
    <datafield tag="841" ind1=" " ind2=" ">
      <subfield code="5">Tanu</subfield>
      <subfield code="a">x a</subfield>
      <subfield code="b">171120||0000|||||000||||||000000</subfield>
      <subfield code="e">1</subfield>
    </datafield>
    <datafield tag="024" ind1="7" ind2=" ">
      <subfield code="5">Tanu</subfield>
      <subfield code="a">1015832</subfield>
      <subfield code="2">Distributör: Elib</subfield>
    </datafield>
    <datafield tag="500" ind1=" " ind2=" ">
      <subfield code="5">Tanu</subfield>
      <subfield code="a">Online epub (0.82 MB)</subfield>
    </datafield>
    <datafield tag="500" ind1=" " ind2=" ">
      <subfield code="5">Tanu</subfield>
      <subfield code="a">Offline epub med Adobe-kryptering (0.82 MB)</subfield>
    </datafield>
    <datafield tag="856" ind1="4" ind2="2">
      <subfield code="5">Tanu</subfield>
      <subfield code="u">http://kulturivast.elib.se/Books/Details/1015832</subfield>
      <subfield code="x">origin:Elib</subfield>
      <subfield code="z">Låna från ditt bibliotek. Lånekort krävs.</subfield>
    </datafield>
    <datafield tag="856" ind1="4" ind2="2">
      <subfield code="5">Tanu</subfield>
      <subfield code="u"> https://samplefiles.elib.se/epub/1015832/1015832_201511101000.epub </subfield>
      <subfield code="x">origin:Elib</subfield>
      <subfield code="z">Provläs</subfield>
    </datafield>
    <datafield tag="887" ind1=" " ind2=" ">
      <subfield code="5">Tanu</subfield>
      <subfield code="a">
                {"@id":"mr0cx0rs507vgjn","modified":"2019-03-19T15:37:09.529+01:00","checksum":"27311710757"} </subfield>
      <subfield code="2">librisxl</subfield>
    </datafield>
    <datafield tag="841" ind1=" " ind2=" ">
      <subfield code="5">TimE</subfield>
      <subfield code="a">x a</subfield>
      <subfield code="b">190111||0000|||||000||||||000000</subfield>
      <subfield code="e">1</subfield>
    </datafield>
    <datafield tag="024" ind1="7" ind2=" ">
      <subfield code="5">TimE</subfield>
      <subfield code="a">1015832</subfield>
      <subfield code="2">Distributör: Elib</subfield>
    </datafield>
    <datafield tag="500" ind1=" " ind2=" ">
      <subfield code="5">TimE</subfield>
      <subfield code="a">Online epub (0.82 MB)</subfield>
    </datafield>
    <datafield tag="500" ind1=" " ind2=" ">
      <subfield code="5">TimE</subfield>
      <subfield code="a">Offline epub med Adobe-kryptering (0.82 MB)</subfield>
    </datafield>
    <datafield tag="856" ind1="4" ind2="2">
      <subfield code="5">TimE</subfield>
      <subfield code="u"> https://samplefiles.elib.se/epub/1015832/1015832_201511101000.epub </subfield>
      <subfield code="x">origin:Elib</subfield>
      <subfield code="z">Provläs</subfield>
    </datafield>
    <datafield tag="887" ind1=" " ind2=" ">
      <subfield code="5">TimE</subfield>
      <subfield code="a">
                {"@id":"dn2pm44hbbp79574","modified":"2019-03-19T15:37:09.792+01:00","checksum":"26128155454"} </subfield>
      <subfield code="2">librisxl</subfield>
    </datafield>
    <datafield tag="841" ind1=" " ind2=" ">
      <subfield code="5">Tkb</subfield>
      <subfield code="a">x a</subfield>
      <subfield code="b">141201||0000|||||000||||||000000</subfield>
      <subfield code="e">1</subfield>
    </datafield>
    <datafield tag="024" ind1="7" ind2=" ">
      <subfield code="5">Tkb</subfield>
      <subfield code="a">1015832</subfield>
      <subfield code="2">Distributör: Elib</subfield>
    </datafield>
    <datafield tag="500" ind1=" " ind2=" ">
      <subfield code="5">Tkb</subfield>
      <subfield code="a">Online epub (0.82 MB)</subfield>
    </datafield>
    <datafield tag="500" ind1=" " ind2=" ">
      <subfield code="5">Tkb</subfield>
      <subfield code="a">Offline epub med Adobe-kryptering (0.82 MB)</subfield>
    </datafield>
    <datafield tag="856" ind1="4" ind2="2">
      <subfield code="5">Tkb</subfield>
      <subfield code="u"> https://samplefiles.elib.se/epub/1015832/1015832_201511101000.epub </subfield>
      <subfield code="x">origin:Elib</subfield>
      <subfield code="z">Provläs</subfield>
    </datafield>
    <datafield tag="887" ind1=" " ind2=" ">
      <subfield code="5">Tkb</subfield>
      <subfield code="a">
                {"@id":"z391qqm418cb0hx","modified":"2019-03-19T15:37:10.638+01:00","checksum":"35015465646"} </subfield>
      <subfield code="2">librisxl</subfield>
    </datafield>
    <datafield tag="841" ind1=" " ind2=" ">
      <subfield code="5">Trel</subfield>
      <subfield code="a">x a</subfield>
      <subfield code="b">180108||0000|||||000||||||000000</subfield>
      <subfield code="e">1</subfield>
    </datafield>
    <datafield tag="024" ind1="7" ind2=" ">
      <subfield code="5">Trel</subfield>
      <subfield code="a">1015832</subfield>
      <subfield code="2">Distributör: Elib</subfield>
    </datafield>
    <datafield tag="500" ind1=" " ind2=" ">
      <subfield code="5">Trel</subfield>
      <subfield code="a">Online epub (0.82 MB)</subfield>
    </datafield>
    <datafield tag="500" ind1=" " ind2=" ">
      <subfield code="5">Trel</subfield>
      <subfield code="a">Offline epub med Adobe-kryptering (0.82 MB)</subfield>
    </datafield>
    <datafield tag="856" ind1="4" ind2="2">
      <subfield code="5">Trel</subfield>
      <subfield code="u"> https://samplefiles.elib.se/epub/1015832/1015832_201511101000.epub </subfield>
      <subfield code="x">origin:Elib</subfield>
      <subfield code="z">Provläs</subfield>
    </datafield>
    <datafield tag="887" ind1=" " ind2=" ">
      <subfield code="5">Trel</subfield>
      <subfield code="a">
                {"@id":"9fn2t2gg1mcck3g","modified":"2019-03-19T15:37:10.581+01:00","checksum":"27079090473"} </subfield>
      <subfield code="2">librisxl</subfield>
    </datafield>
    <datafield tag="841" ind1=" " ind2=" ">
      <subfield code="5">Udd</subfield>
      <subfield code="a">x a</subfield>
      <subfield code="b">150202||0000|||||000||||||000000</subfield>
      <subfield code="e">1</subfield>
    </datafield>
    <datafield tag="024" ind1="7" ind2=" ">
      <subfield code="5">Udd</subfield>
      <subfield code="a">1015832</subfield>
      <subfield code="2">Distributör: Elib</subfield>
    </datafield>
    <datafield tag="500" ind1=" " ind2=" ">
      <subfield code="5">Udd</subfield>
      <subfield code="a">Online epub (0.82 MB)</subfield>
    </datafield>
    <datafield tag="500" ind1=" " ind2=" ">
      <subfield code="5">Udd</subfield>
      <subfield code="a">Offline epub med Adobe-kryptering (0.82 MB)</subfield>
    </datafield>
    <datafield tag="856" ind1="4" ind2="2">
      <subfield code="5">Udd</subfield>
      <subfield code="u"> https://samplefiles.elib.se/epub/1015832/1015832_201511101000.epub </subfield>
      <subfield code="x">origin:Elib</subfield>
      <subfield code="z">Provläs</subfield>
    </datafield>
    <datafield tag="887" ind1=" " ind2=" ">
      <subfield code="5">Udd</subfield>
      <subfield code="a">
                {"@id":"37f64xq839qcv6w","modified":"2019-03-19T15:37:11.661+01:00","checksum":"24596095516"} </subfield>
      <subfield code="2">librisxl</subfield>
    </datafield>
    <datafield tag="841" ind1=" " ind2=" ">
      <subfield code="5">Um</subfield>
      <subfield code="a">x a</subfield>
      <subfield code="b">150114||0000|||||000||||||000000</subfield>
      <subfield code="e">1</subfield>
    </datafield>
    <datafield tag="024" ind1="7" ind2=" ">
      <subfield code="5">Um</subfield>
      <subfield code="a">1015832</subfield>
      <subfield code="2">Distributör: Elib</subfield>
    </datafield>
    <datafield tag="500" ind1=" " ind2=" ">
      <subfield code="5">Um</subfield>
      <subfield code="a">Online epub (0.82 MB)</subfield>
    </datafield>
    <datafield tag="500" ind1=" " ind2=" ">
      <subfield code="5">Um</subfield>
      <subfield code="a">Offline epub med Adobe-kryptering (0.82 MB)</subfield>
    </datafield>
    <datafield tag="856" ind1="4" ind2="2">
      <subfield code="5">Um</subfield>
      <subfield code="u"> https://samplefiles.elib.se/epub/1015832/1015832_201511101000.epub </subfield>
      <subfield code="x">origin:Elib</subfield>
      <subfield code="z">Provläs</subfield>
    </datafield>
    <datafield tag="887" ind1=" " ind2=" ">
      <subfield code="5">Um</subfield>
      <subfield code="a">
                {"@id":"ns0r7rpt08cjqkk","modified":"2019-03-19T15:37:09.994+01:00","checksum":"31026140942"} </subfield>
      <subfield code="2">librisxl</subfield>
    </datafield>
    <datafield tag="841" ind1=" " ind2=" ">
      <subfield code="5">Vlib</subfield>
      <subfield code="a">x a</subfield>
      <subfield code="b">150130||0000|||||000||||||000000</subfield>
      <subfield code="e">1</subfield>
    </datafield>
    <datafield tag="024" ind1="7" ind2=" ">
      <subfield code="5">Vlib</subfield>
      <subfield code="a">1015832</subfield>
      <subfield code="2">Distributör: Elib</subfield>
    </datafield>
    <datafield tag="500" ind1=" " ind2=" ">
      <subfield code="5">Vlib</subfield>
      <subfield code="a">Online epub (0.82 MB)</subfield>
    </datafield>
    <datafield tag="500" ind1=" " ind2=" ">
      <subfield code="5">Vlib</subfield>
      <subfield code="a">Offline epub med Adobe-kryptering (0.82 MB)</subfield>
    </datafield>
    <datafield tag="856" ind1="4" ind2="2">
      <subfield code="5">Vlib</subfield>
      <subfield code="u"> https://samplefiles.elib.se/epub/1015832/1015832_201511101000.epub </subfield>
      <subfield code="x">origin:Elib</subfield>
      <subfield code="z">Provläs</subfield>
    </datafield>
    <datafield tag="887" ind1=" " ind2=" ">
      <subfield code="5">Vlib</subfield>
      <subfield code="a">
                {"@id":"15c40z763gwf3p0","modified":"2019-03-19T15:37:11.307+01:00","checksum":"29009666539"} </subfield>
      <subfield code="2">librisxl</subfield>
    </datafield>
  </record>