
  <record>
    <leader>08304cim a22016937a 4500</leader>
    <controlfield tag="001">14215264</controlfield>
    <controlfield tag="003">SE-LIBR</controlfield>
    <controlfield tag="005">20160112145150.0</controlfield>
    <controlfield tag="007">sd |||||||m||| </controlfield>
    <controlfield tag="008">130518s2013 sw | ||g|||||||f | swe|c</controlfield>
    <datafield tag="020" ind1=" " ind2=" ">
      <subfield code="a">9789173487351</subfield>
      <subfield code="q">MP3 CD</subfield>
    </datafield>
    <datafield tag="035" ind1=" " ind2=" ">
      <subfield code="a">(BOKR)9789173487351</subfield>
    </datafield>
    <datafield tag="040" ind1=" " ind2=" ">
      <subfield code="a">BOKR</subfield>
      <subfield code="d">Tkb</subfield>
      <subfield code="d">Gbg</subfield>
    </datafield>
    <datafield tag="041" ind1=" " ind2=" ">
      <subfield code="a">swe</subfield>
    </datafield>
    <datafield tag="082" ind1="0" ind2="4">
      <subfield code="a">839.78</subfield>
      <subfield code="2">22 (machine generated)</subfield>
    </datafield>
    <datafield tag="084" ind1=" " ind2=" ">
      <subfield code="a">Hceda.01/LC</subfield>
      <subfield code="2">kssb/8</subfield>
    </datafield>
    <datafield tag="100" ind1="1" ind2=" ">
      <subfield code="a">Adler-Olsen, Jussi</subfield>
      <subfield code="d">1950-</subfield>
      <subfield code="e">author</subfield>
      <subfield code="1">http://viaf.org/viaf/87407021</subfield>
      <subfield code="4">aut</subfield>
    </datafield>
    <datafield tag="240" ind1="1" ind2="0">
      <subfield code="a">Alfabethuset</subfield>
      <subfield code="l">Svenska</subfield>
      <subfield code="1"> http://viaf.org/viaf/9576151656259408400005</subfield>
    </datafield>
    <datafield tag="245" ind1="1" ind2="0">
      <subfield code="a">Alfabethuset</subfield>
      <subfield code="h">[Ljudupptagning] /</subfield>
      <subfield code="c"> [Jussi Adler-Olsen ; [översättning: Britt Borglund och Tore
                Borglund]. </subfield>
    </datafield>
    <datafield tag="264" ind1=" " ind2="1">
      <subfield code="c">2013</subfield>
    </datafield>
    <datafield tag="264" ind1=" " ind2="1">
      <subfield code="a">Stockholm :</subfield>
      <subfield code="b">Bonnier Audio,</subfield>
      <subfield code="c">p 2013</subfield>
    </datafield>
    <datafield tag="300" ind1=" " ind2=" ">
      <subfield code="a">1 MP3-CD ( 17 tim., 39 min.)</subfield>
    </datafield>
       <datafield tag="336" ind1=" " ind2=" ">
            <subfield code="a">spoken word</subfield>
            <subfield code="b">spw</subfield>
            <subfield code="0">http://rdaregistry.info/termList/RDAContentType/1020</subfield>
            <subfield code="2">rdacontent</subfield>
        </datafield>
        <datafield tag="337" ind1=" " ind2=" ">
            <subfield code="a">audio</subfield>
            <subfield code="b">s</subfield>
            <subfield code="0">http://rdaregistry.info/termList/RDAMediaType/1001</subfield>
            <subfield code="2">rdamedia</subfield>
        </datafield>
<datafield tag="338" ind1=" " ind2=" ">
            <subfield code="a">audio disc</subfield>
            <subfield code="b">sd</subfield>
            <subfield code="0">http://rdaregistry.info/termList/RDACarrierType/1004</subfield>
            <subfield code="2">rdacarrier</subfield>
        </datafield> 
        <datafield tag="380" ind1=" " ind2=" ">
            <subfield code="a">novel</subfield>
            <subfield code="2">marcgt</subfield>
        </datafield>
    <datafield tag="500" ind1=" " ind2=" ">
      <subfield code="a">Ljudbok CD (MP3)</subfield>
    </datafield>
    <datafield tag="511" ind1="0" ind2=" ">
      <subfield code="a">Inläsare: Reine Brynolfsson</subfield>
    </datafield>
    <datafield tag="655" ind1=" " ind2="7">
      <subfield code="a">Skönlitteratur</subfield>
      <subfield code="0">https://id.kb.se/term/saogf/Sk%C3%B6nlitteratur</subfield>
      <subfield code="2">saogf</subfield>
    </datafield>
    <datafield tag="655" ind1=" " ind2="7">
      <subfield code="a">Ljudböcker</subfield>
      <subfield code="0">https://id.kb.se/term/saogf/Ljudb%C3%B6cker</subfield>
      <subfield code="2">saogf</subfield>
    </datafield>
    <datafield tag="700" ind1="1" ind2=" ">
      <subfield code="a">Brynolfsson, Reine</subfield>
      <subfield code="e">Narrator</subfield>
      <subfield code="4">nrt</subfield>
    </datafield>
    <datafield tag="700" ind1="1" ind2="">
      <subfield code="a">Adler-Olsen, Jussi.</subfield>
      <subfield code="e">Author</subfield>
      <subfield code="i">Adoption of a work</subfield>
      <subfield code="t">Fasandrb̆erne </subfield>
      <subfield code="1">http://viaf.org/viaf/9576151656259408400005</subfield>
      <subfield code="4">http://rdaregistry.info/Elements/w/adaptationOfWork.en</subfield>
    </datafield>
    <datafield tag="887" ind1=" " ind2=" ">
      <subfield code="a">
                {"@id":"sb48blv42nnbk96","modified":"2016-01-12T14:51:50+01:00","checksum":"21624002649"} </subfield>
      <subfield code="2">librisxl</subfield>
    </datafield>
    <datafield tag="841" ind1=" " ind2=" ">
      <subfield code="5">Afb</subfield>
      <subfield code="a">x a</subfield>
      <subfield code="b">131010||0000|||||000||||||000000</subfield>
      <subfield code="e">1</subfield>
    </datafield>
    <datafield tag="887" ind1=" " ind2=" ">
      <subfield code="5">Afb</subfield>
      <subfield code="a">
                {"@id":"kpwfjwsq32klgpl","modified":"2013-10-10T15:46:44+02:00","checksum":"2267742685"} </subfield>
      <subfield code="2">librisxl</subfield>
    </datafield>
    <datafield tag="841" ind1=" " ind2=" ">
      <subfield code="5">Arlo</subfield>
      <subfield code="a">u a</subfield>
      <subfield code="b">160125||0000|||||001||||||000000</subfield>
      <subfield code="e">1</subfield>
    </datafield>
    <datafield tag="887" ind1=" " ind2=" ">
      <subfield code="5">Arlo</subfield>
      <subfield code="a">
                {"@id":"15d92pj62swdhhk","modified":"2016-01-25T13:04:10+01:00","checksum":"-764145148"} </subfield>
      <subfield code="2">librisxl</subfield>
    </datafield>
    <datafield tag="841" ind1=" " ind2=" ">
      <subfield code="5">Arvk</subfield>
      <subfield code="a">x a</subfield>
      <subfield code="b">130925||0000|||||001||||||000000</subfield>
      <subfield code="e">1</subfield>
    </datafield>
    <datafield tag="887" ind1=" " ind2=" ">
      <subfield code="5">Arvk</subfield>
      <subfield code="a">
                {"@id":"chp76d1j21wcnjd","modified":"2013-09-25T08:44:03+02:00","checksum":"1436413725"} </subfield>
      <subfield code="2">librisxl</subfield>
    </datafield>
    <datafield tag="841" ind1=" " ind2=" ">
      <subfield code="5">BOKR</subfield>
      <subfield code="a">x a</subfield>
      <subfield code="b">180221||0000|||||000||||||000000</subfield>
      <subfield code="e">1</subfield>
    </datafield>
    <datafield tag="887" ind1=" " ind2=" ">
      <subfield code="5">BOKR</subfield>
      <subfield code="a">
                {"@id":"6bk0q8mc5dqjzs4","modified":"2018-09-06T09:09:36.995+02:00","checksum":"-7369731600"} </subfield>
      <subfield code="2">librisxl</subfield>
    </datafield>
    <datafield tag="841" ind1=" " ind2=" ">
      <subfield code="5">Bo</subfield>
      <subfield code="a">u a</subfield>
      <subfield code="b">140401||0000|||||001||||||000000</subfield>
      <subfield code="e">1</subfield>
    </datafield>
    <datafield tag="035" ind1=" " ind2=" ">
      <subfield code="5">Bo</subfield>
      <subfield code="a">(Bo)524910</subfield>
    </datafield>
    <datafield tag="887" ind1=" " ind2=" ">
      <subfield code="5">Bo</subfield>
      <subfield code="a">
                {"@id":"kpwj035q36nfdg5","modified":"2014-04-01T12:24:50+02:00","checksum":"-911146245"} </subfield>
      <subfield code="2">librisxl</subfield>
    </datafield>
    <datafield tag="841" ind1=" " ind2=" ">
      <subfield code="5">Edet</subfield>
      <subfield code="a">x a</subfield>
      <subfield code="b">171226||0000|||||000||||||000000</subfield>
      <subfield code="e">1</subfield>
    </datafield>
    <datafield tag="887" ind1=" " ind2=" ">
      <subfield code="5">Edet</subfield>
      <subfield code="a">
                {"@id":"tz6l1mt04ztttdh","modified":"2017-12-26T16:10:05+01:00","checksum":"7443931960"} </subfield>
      <subfield code="2">librisxl</subfield>
    </datafield>
    <datafield tag="841" ind1=" " ind2=" ">
      <subfield code="5">Essu</subfield>
      <subfield code="a">x a</subfield>
      <subfield code="b">180123||0000|||||000||||||000000</subfield>
      <subfield code="e">|</subfield>
    </datafield>
    <datafield tag="887" ind1=" " ind2=" ">
      <subfield code="5">Essu</subfield>
      <subfield code="a">
                {"@id":"jnw9d9rp56mzcz3","modified":"2018-01-23T16:05:22+01:00","checksum":"5309582886"} </subfield>
      <subfield code="2">librisxl</subfield>
    </datafield>
    <datafield tag="841" ind1=" " ind2=" ">
      <subfield code="5">Gbg</subfield>
      <subfield code="a">x a</subfield>
      <subfield code="b">131009||0000|||||000||||||000000</subfield>
      <subfield code="e">1</subfield>
    </datafield>
    <datafield tag="887" ind1=" " ind2=" ">
      <subfield code="5">Gbg</subfield>
      <subfield code="a">
                {"@id":"fkr9dncl02tdzzm","modified":"2013-12-12T13:24:25+01:00","checksum":"-1835106760"} </subfield>
      <subfield code="2">librisxl</subfield>
    </datafield>
    <datafield tag="841" ind1=" " ind2=" ">
      <subfield code="5">Grum</subfield>
      <subfield code="a">x a</subfield>
      <subfield code="b">131008||0000|||||001||||||000000</subfield>
      <subfield code="e">1</subfield>
    </datafield>
    <datafield tag="887" ind1=" " ind2=" ">
      <subfield code="5">Grum</subfield>
      <subfield code="a">
                {"@id":"hmtcgnzn23r40lj","modified":"2013-10-08T14:45:18+02:00","checksum":"4278161359"} </subfield>
      <subfield code="2">librisxl</subfield>
    </datafield>
    <datafield tag="841" ind1=" " ind2=" ">
      <subfield code="5">Hama</subfield>
      <subfield code="a">x a</subfield>
      <subfield code="b">131115||0000|||||001||||||000000</subfield>
      <subfield code="e">1</subfield>
    </datafield>
    <datafield tag="887" ind1=" " ind2=" ">
      <subfield code="5">Hama</subfield>
      <subfield code="a">
                {"@id":"fkrbp2zl2p1bs9h","modified":"2013-11-15T14:05:17+01:00","checksum":"9312118343"} </subfield>
      <subfield code="2">librisxl</subfield>
    </datafield>
    <datafield tag="841" ind1=" " ind2=" ">
      <subfield code="5">Kils</subfield>
      <subfield code="a">x a</subfield>
      <subfield code="b">131017||0000|||||001||||||000000</subfield>
      <subfield code="e">1</subfield>
    </datafield>
    <datafield tag="887" ind1=" " ind2=" ">
      <subfield code="5">Kils</subfield>
      <subfield code="a">
                {"@id":"6bj254sc1bgglnh","modified":"2013-10-17T09:48:25+02:00","checksum":"-1213899691"} </subfield>
      <subfield code="2">librisxl</subfield>
    </datafield>
    <datafield tag="841" ind1=" " ind2=" ">
      <subfield code="5">Kld1</subfield>
      <subfield code="a">x a</subfield>
      <subfield code="b">131024||0000|||||001||||||000000</subfield>
      <subfield code="e">1</subfield>
    </datafield>
    <datafield tag="887" ind1=" " ind2=" ">
      <subfield code="5">Kld1</subfield>
      <subfield code="a">
                {"@id":"sx4nsm8z4bfq73k","modified":"2013-11-14T15:07:40+01:00","checksum":"-3796934968"} </subfield>
      <subfield code="2">librisxl</subfield>
    </datafield>
    <datafield tag="841" ind1=" " ind2=" ">
      <subfield code="5">Lobj</subfield>
      <subfield code="a">u a</subfield>
      <subfield code="b">150622||0000|||||001||||||000000</subfield>
      <subfield code="e">1</subfield>
    </datafield>
    <datafield tag="887" ind1=" " ind2=" ">
      <subfield code="5">Lobj</subfield>
      <subfield code="a">
                {"@id":"hmvn7r1n03hk32b","modified":"2015-06-22T11:12:18+02:00","checksum":"4180535161"} </subfield>
      <subfield code="2">librisxl</subfield>
    </datafield>
    <datafield tag="841" ind1=" " ind2=" ">
      <subfield code="5">Mo</subfield>
      <subfield code="a">x a</subfield>
      <subfield code="b">130628||0000|||||000||||||000000</subfield>
      <subfield code="e">1</subfield>
    </datafield>
    <datafield tag="887" ind1=" " ind2=" ">
      <subfield code="5">Mo</subfield>
      <subfield code="a">
                {"@id":"tz5nz38027r79l7","modified":"2013-09-10T17:50:11+02:00","checksum":"-7214463265"} </subfield>
      <subfield code="2">librisxl</subfield>
    </datafield>
    <datafield tag="841" ind1=" " ind2=" ">
      <subfield code="5">Tkb</subfield>
      <subfield code="a">x a</subfield>
      <subfield code="b">131016||0000|||||000||||||000000</subfield>
      <subfield code="e">|</subfield>
    </datafield>
    <datafield tag="887" ind1=" " ind2=" ">
      <subfield code="5">Tkb</subfield>
      <subfield code="a">
                {"@id":"kpwfjf3q1cldhll","modified":"2013-10-16T13:10:15+02:00","checksum":"4317302278"} </subfield>
      <subfield code="2">librisxl</subfield>
    </datafield>
    <datafield tag="841" ind1=" " ind2=" ">
      <subfield code="5">Udd</subfield>
      <subfield code="a">x a</subfield>
      <subfield code="b">131008||0000|||||000||||||000000</subfield>
      <subfield code="e">|</subfield>
    </datafield>
    <datafield tag="887" ind1=" " ind2=" ">
      <subfield code="5">Udd</subfield>
      <subfield code="a">
                {"@id":"glsbfm1m48x3bw7","modified":"2013-10-08T18:19:02+02:00","checksum":"8072491755"} </subfield>
      <subfield code="2">librisxl</subfield>
    </datafield>
  </record>