
  <record>
    <leader>04603cim a22009377a 4500</leader>
    <controlfield tag="001">14215211</controlfield>
    <controlfield tag="003">SE-LIBR</controlfield>
    <controlfield tag="005">20160130084939.0</controlfield>
    <controlfield tag="007">sd |||||||m||| </controlfield>
    <controlfield tag="008">130518s2013 sw | ||g|||||||f | swe|c</controlfield>
    <datafield tag="020" ind1=" " ind2=" ">
      <subfield code="a">9789174332230</subfield>
      <subfield code="q">CD-skiva</subfield>
    </datafield>
    <datafield tag="035" ind1=" " ind2=" ">
      <subfield code="a">(BOKR)9789174332230</subfield>
    </datafield>
    <datafield tag="040" ind1=" " ind2=" ">
      <subfield code="d">Kld1</subfield>
      <subfield code="d">Tkb</subfield>
    </datafield>
    <datafield tag="041" ind1=" " ind2=" ">
      <subfield code="a">swe</subfield>
    </datafield>
    <datafield tag="082" ind1="0" ind2="4">
      <subfield code="a">839.78</subfield>
      <subfield code="2">22 (machine generated)</subfield>
    </datafield>
    <datafield tag="084" ind1=" " ind2=" ">
      <subfield code="a">Hcee.01/LC</subfield>
      <subfield code="2">kssb/8</subfield>
    </datafield>
    <datafield tag="100" ind1="1" ind2=" ">
      <subfield code="a">Adler-Olsen, Jussi</subfield>
      <subfield code="d">1950-</subfield>
      <subfield code="e">Author</subfield>
      <subfield code="1">http://viaf.org/viaf/87407021</subfield>
      <subfield code="4">aut</subfield>
    </datafield>
    <datafield tag="240" ind1="1" ind2="0">
      <subfield code="a">Alfabethuset</subfield>
      <subfield code="l">Svenska</subfield>
      <subfield code="1"> http://viaf.org/viaf/9576151656259408400005</subfield>
    </datafield>
    <datafield tag="245" ind1="1" ind2="0">
      <subfield code="a">Alfabethuset</subfield>
      <subfield code="h">[Ljudupptagning] /</subfield>
      <subfield code="c"> [Jussi Adler-Olsen ; [översättare: Tore Borglund och Britt
                Borglund]. </subfield>
    </datafield>
    <datafield tag="264" ind1=" " ind2="1">
      <subfield code="a">Stockholm :</subfield>
      <subfield code="b">Bonnier Audio,</subfield>
      <subfield code="c">2013</subfield>
    </datafield>
    <datafield tag="300" ind1=" " ind2=" ">
      <subfield code="a">15 CD (17 tim., 39 min.)</subfield>
    </datafield>
       <datafield tag="336" ind1=" " ind2=" ">
            <subfield code="a">spoken word</subfield>
            <subfield code="b">spw</subfield>
            <subfield code="0">http://rdaregistry.info/termList/RDAContentType/1020</subfield>
            <subfield code="2">rdacontent</subfield>
        </datafield>
        <datafield tag="337" ind1=" " ind2=" ">
            <subfield code="a">audio</subfield>
            <subfield code="b">s</subfield>
            <subfield code="0">http://rdaregistry.info/termList/RDAMediaType/1001</subfield>
            <subfield code="2">rdamedia</subfield>
        </datafield>
<datafield tag="338" ind1=" " ind2=" ">
            <subfield code="a">audio disc</subfield>
            <subfield code="b">sd</subfield>
            <subfield code="0">http://rdaregistry.info/termList/RDACarrierType/1004</subfield>
            <subfield code="2">rdacarrier</subfield>
        </datafield> 
        <datafield tag="380" ind1=" " ind2=" ">
            <subfield code="a">novel</subfield>
            <subfield code="2">marcgt</subfield>
        </datafield>
    <datafield tag="511" ind1="0" ind2=" ">
      <subfield code="a">Inläsare: Reine Brynolfsson</subfield>
    </datafield>
    <datafield tag="655" ind1=" " ind2="7">
      <subfield code="a">Thrillers</subfield>
      <subfield code="0">https://id.kb.se/term/saogf/Thrillers</subfield>
      <subfield code="2">saogf</subfield>
    </datafield>
    <datafield tag="655" ind1=" " ind2="7">
      <subfield code="a">Ljudböcker</subfield>
      <subfield code="0">https://id.kb.se/term/saogf/Ljudb%C3%B6cker</subfield>
      <subfield code="2">saogf</subfield>
    </datafield>
    <datafield tag="700" ind1="1" ind2=" ">
      <subfield code="a">Borglund, Tore</subfield>
      <subfield code="e">Translator</subfield>
      <subfield code="4">trl</subfield>
    </datafield>
    <datafield tag="700" ind1="1" ind2=" ">
      <subfield code="a">Borglund, Britt</subfield>
      <subfield code="e">Translator</subfield>
      <subfield code="4">trl</subfield>
    </datafield>
    <datafield tag="700" ind1="1" ind2=" ">
      <subfield code="a">Brynolfsson, Reine</subfield>
      <subfield code="e">Narrator</subfield>
      <subfield code="4">nrt</subfield>
    </datafield>
    <datafield tag="700" ind1="1" ind2="">
      <subfield code="a">Adler-Olsen, Jussi.</subfield>
      <subfield code="e">Author</subfield>
      <subfield code="i">Adoption of a work</subfield>
      <subfield code="t">Alfabethuset </subfield>
      <subfield code="1">http://viaf.org/viaf/9576151656259408400005</subfield>
      <subfield code="4">http://rdaregistry.info/Elements/w/adaptationOfWork.en</subfield>
    </datafield>
    <datafield tag="887" ind1=" " ind2=" ">
      <subfield code="a">
                {"@id":"1kchkt1c1qf0556","modified":"2016-01-30T08:49:39+01:00","checksum":"60027483490"} </subfield>
      <subfield code="2">librisxl</subfield>
    </datafield>
    <datafield tag="841" ind1=" " ind2=" ">
      <subfield code="5">Arja</subfield>
      <subfield code="a">x a</subfield>
      <subfield code="b">130909||0000|||||001||||||000000</subfield>
      <subfield code="e">1</subfield>
    </datafield>
    <datafield tag="887" ind1=" " ind2=" ">
      <subfield code="5">Arja</subfield>
      <subfield code="a">
                {"@id":"04bvrk550f3mr98","modified":"2013-09-09T15:33:28+02:00","checksum":"-4665769015"} </subfield>
      <subfield code="2">librisxl</subfield>
    </datafield>
    <datafield tag="841" ind1=" " ind2=" ">
      <subfield code="5">Arvk</subfield>
      <subfield code="a">x a</subfield>
      <subfield code="b">130925||0000|||||001||||||000000</subfield>
      <subfield code="e">1</subfield>
    </datafield>
    <datafield tag="887" ind1=" " ind2=" ">
      <subfield code="5">Arvk</subfield>
      <subfield code="a">
                {"@id":"jnvdcmwp4c3201c","modified":"2013-12-09T19:09:57+01:00","checksum":"2343913"} </subfield>
      <subfield code="2">librisxl</subfield>
    </datafield>
    <datafield tag="841" ind1=" " ind2=" ">
      <subfield code="5">BOKR</subfield>
      <subfield code="a">x a</subfield>
      <subfield code="b">180221||0000|||||000||||||000000</subfield>
      <subfield code="e">1</subfield>
    </datafield>
    <datafield tag="887" ind1=" " ind2=" ">
      <subfield code="5">BOKR</subfield>
      <subfield code="a">
                {"@id":"ns1g6s8t0rxmt2q","modified":"2018-09-06T09:03:35.199+02:00","checksum":"-3168939801"} </subfield>
      <subfield code="2">librisxl</subfield>
    </datafield>
    <datafield tag="841" ind1=" " ind2=" ">
      <subfield code="5">Bo</subfield>
      <subfield code="a">u a</subfield>
      <subfield code="b">140401||0000|||||001||||||000000</subfield>
      <subfield code="e">1</subfield>
    </datafield>
    <datafield tag="035" ind1=" " ind2=" ">
      <subfield code="5">Bo</subfield>
      <subfield code="a">(Bo)522340</subfield>
    </datafield>
    <datafield tag="887" ind1=" " ind2=" ">
      <subfield code="5">Bo</subfield>
      <subfield code="a">
                {"@id":"59h4ln3b2jcdz5n","modified":"2014-04-01T12:23:12+02:00","checksum":"-5028125808"} </subfield>
      <subfield code="2">librisxl</subfield>
    </datafield>
    <datafield tag="841" ind1=" " ind2=" ">
      <subfield code="5">Eda</subfield>
      <subfield code="a">x a</subfield>
      <subfield code="b">130828||0000|||||001||||||000000</subfield>
      <subfield code="e">1</subfield>
    </datafield>
    <datafield tag="887" ind1=" " ind2=" ">
      <subfield code="5">Eda</subfield>
      <subfield code="a">
                {"@id":"37fzp7980jfzxc0","modified":"2013-08-28T14:29:46+02:00","checksum":"-1098782521"} </subfield>
      <subfield code="2">librisxl</subfield>
    </datafield>
    <datafield tag="841" ind1=" " ind2=" ">
      <subfield code="5">Fili</subfield>
      <subfield code="a">x a</subfield>
      <subfield code="b">130902||0000|||||001||||||000000</subfield>
      <subfield code="e">1</subfield>
    </datafield>
    <datafield tag="887" ind1=" " ind2=" ">
      <subfield code="5">Fili</subfield>
      <subfield code="a">
                {"@id":"59h1tdrb5mxb00g","modified":"2013-09-02T13:31:22+02:00","checksum":"-1786185773"} </subfield>
      <subfield code="2">librisxl</subfield>
    </datafield>
    <datafield tag="841" ind1=" " ind2=" ">
      <subfield code="5">Forh</subfield>
      <subfield code="a">x a</subfield>
      <subfield code="b">130802||0000|||||001||||||000000</subfield>
      <subfield code="e">1</subfield>
    </datafield>
    <datafield tag="887" ind1=" " ind2=" ">
      <subfield code="5">Forh</subfield>
      <subfield code="a">
                {"@id":"pt1k4s9v3l0s157","modified":"2013-08-02T15:29:41+02:00","checksum":"1646068625"} </subfield>
      <subfield code="2">librisxl</subfield>
    </datafield>
    <datafield tag="841" ind1=" " ind2=" ">
      <subfield code="5">Gbg</subfield>
      <subfield code="a">x a</subfield>
      <subfield code="b">131022||0000|||||000||||||000000</subfield>
      <subfield code="e">1</subfield>
    </datafield>
    <datafield tag="887" ind1=" " ind2=" ">
      <subfield code="5">Gbg</subfield>
      <subfield code="a">
                {"@id":"rw3mr5qx1sftbtb","modified":"2013-10-22T11:52:23+02:00","checksum":"-577073103"} </subfield>
      <subfield code="2">librisxl</subfield>
    </datafield>
    <datafield tag="841" ind1=" " ind2=" ">
      <subfield code="5">Kld1</subfield>
      <subfield code="a">x a</subfield>
      <subfield code="b">130905||0000|||||001||||||000000</subfield>
      <subfield code="e">1</subfield>
    </datafield>
    <datafield tag="887" ind1=" " ind2=" ">
      <subfield code="5">Kld1</subfield>
      <subfield code="a">
                {"@id":"glsb6qhm5648qgr","modified":"2013-11-14T15:07:32+01:00","checksum":"-4801471268"} </subfield>
      <subfield code="2">librisxl</subfield>
    </datafield>
    <datafield tag="841" ind1=" " ind2=" ">
      <subfield code="5">Lobj</subfield>
      <subfield code="a">u a</subfield>
      <subfield code="b">150622||0000|||||001||||||000000</subfield>
      <subfield code="e">1</subfield>
    </datafield>
    <datafield tag="887" ind1=" " ind2=" ">
      <subfield code="5">Lobj</subfield>
      <subfield code="a">
                {"@id":"pt2vdtrv3m12p58","modified":"2015-06-22T11:07:52+02:00","checksum":"199482170"} </subfield>
      <subfield code="2">librisxl</subfield>
    </datafield>
    <datafield tag="841" ind1=" " ind2=" ">
      <subfield code="5">Mo</subfield>
      <subfield code="a">x a</subfield>
      <subfield code="b">130712||0000|||||000||||||000000</subfield>
      <subfield code="e">1</subfield>
    </datafield>
    <datafield tag="887" ind1=" " ind2=" ">
      <subfield code="5">Mo</subfield>
      <subfield code="a">
                {"@id":"59h1d48b3wc64mx","modified":"2013-12-11T08:10:58+01:00","checksum":"-10440420108"} </subfield>
      <subfield code="2">librisxl</subfield>
    </datafield>
    <datafield tag="841" ind1=" " ind2=" ">
      <subfield code="5">Tkb</subfield>
      <subfield code="a">x a</subfield>
      <subfield code="b">130904||0000|||||000||||||000000</subfield>
      <subfield code="e">|</subfield>
    </datafield>
    <datafield tag="887" ind1=" " ind2=" ">
      <subfield code="5">Tkb</subfield>
      <subfield code="a">
                {"@id":"pt1kdcdv1vlb1c2","modified":"2013-10-10T16:12:29+02:00","checksum":"-1561323047"} </subfield>
      <subfield code="2">librisxl</subfield>
    </datafield>
    <datafield tag="841" ind1=" " ind2=" ">
      <subfield code="5">Udd</subfield>
      <subfield code="a">x a</subfield>
      <subfield code="b">131025||0000|||||000||||||000000</subfield>
      <subfield code="e">|</subfield>
    </datafield>
    <datafield tag="887" ind1=" " ind2=" ">
      <subfield code="5">Udd</subfield>
      <subfield code="a">
                {"@id":"hmtcjp5n2c4558g","modified":"2013-10-30T10:47:26+01:00","checksum":"-4707824191"} </subfield>
      <subfield code="2">librisxl</subfield>
    </datafield>
  </record>