
  <record>
    <leader>03604cam a2200865 i 4500</leader>
    <controlfield tag="001">dnrkk20fbk10cj9t</controlfield>
    <controlfield tag="003">SE-LIBR</controlfield>
    <controlfield tag="005">20181030230000.0</controlfield>
    <controlfield tag="008">181026s2018 fi |||||||||||000 f|fin| </controlfield>
    <datafield tag="020" ind1=" " ind2=" ">
      <subfield code="a">9789512410705</subfield>
      <subfield code="q">inbunden</subfield>
    </datafield>
    <datafield tag="040" ind1=" " ind2=" ">
      <subfield code="a">Pite</subfield>
      <subfield code="b">fin</subfield>
      <subfield code="e">i</subfield>
      <subfield code="e">rda</subfield>
    </datafield>
    <datafield tag="041" ind1="1" ind2=" ">
      <subfield code="a">fin</subfield>
      <subfield code="h">dan</subfield>
    </datafield>
    <datafield tag="042" ind1=" " ind2=" ">
      <subfield code="a">finb</subfield>
    </datafield>
    <datafield tag="080" ind1="1" ind2=" ">
      <subfield code="a">839.8</subfield>
      <subfield code="x">-3</subfield>
      <subfield code="2">1974/fin/fennica</subfield>
    </datafield>
    <datafield tag="082" ind1="0" ind2="4">
      <subfield code="a">839.8138</subfield>
      <subfield code="2">23/swe</subfield>
    </datafield>
    <datafield tag="084" ind1=" " ind2=" ">
      <subfield code="a">84.2</subfield>
      <subfield code="2">ykl</subfield>
    </datafield>
    <datafield tag="084" ind1=" " ind2=" ">
      <subfield code="a">Jännitys</subfield>
      <subfield code="2">ykl</subfield>
    </datafield>
    <datafield tag="100" ind1="1" ind2=" ">
      <subfield code="a">Adler-Olsen, Jussi</subfield>
      <subfield code="d">1950-</subfield>
      <subfield code="e">Author</subfield>
      <subfield code="1">http://viaf.org/viaf/87407021</subfield>
      <subfield code="4">aut</subfield>
    </datafield>
    <datafield tag="240" ind1="1" ind2="0">
      <subfield code="a">Alfabethuset</subfield>
      <subfield code="l">Finska</subfield>
      <subfield code="1">http://viaf.org/viaf/9576151656259408400005</subfield>
    </datafield>
    <datafield tag="245" ind1="1" ind2="0">
      <subfield code="a">Aakkostalo /</subfield>
      <subfield code="c">Jussi Adler-Olsen ; suomentanut Katriina Huttunen.</subfield>
    </datafield>
    <datafield tag="264" ind1=" " ind2="1">
      <subfield code="c">2018</subfield>
    </datafield>
    <datafield tag="264" ind1=" " ind2="1">
      <subfield code="a">Helsinki :</subfield>
      <subfield code="b">Gummerus,</subfield>
      <subfield code="c">[2018]</subfield>
    </datafield>
    <datafield tag="264" ind1=" " ind2="3">
      <subfield code="a">Liettua :</subfield>
      <subfield code="b">ScandBook,</subfield>
      <subfield code="c">2018.</subfield>
    </datafield>
    <datafield tag="300" ind1=" " ind2=" ">
      <subfield code="a">570 sidor</subfield>
      <subfield code="c">23 cm</subfield>
    </datafield>
    <datafield tag="336" ind1=" " ind2=" ">
      <subfield code="a">text</subfield>
      <subfield code="b">txt</subfield>
      <subfield code="0">http://rdaregistry.info/termList/RDAContentType/1020</subfield>
      <subfield code="2">rdacontent</subfield>
    </datafield>
    <datafield tag="337" ind1=" " ind2=" ">
      <subfield code="a">unmediated</subfield>
      <subfield code="b">n</subfield>
      <subfield code="0">http://rdaregistry.info/termList/RDAMediaType/1007</subfield>
      <subfield code="2">rdamedia</subfield>
    </datafield>
    <datafield tag="338" ind1=" " ind2=" ">
      <subfield code="a">volume</subfield>
      <subfield code="b">nc</subfield>
      <subfield code="0">http://rdaregistry.info/termList/RDACarrierType/1049</subfield>
      <subfield code="2">rdacarrier</subfield>
    </datafield>
    <datafield tag="340" ind1=" " ind2=" ">
      <subfield code="b">23 cm</subfield>
    </datafield>
    <datafield tag="380" ind1=" " ind2=" ">
      <subfield code="a">novel</subfield>
      <subfield code="2">marcgt</subfield>
    </datafield>
    <datafield tag="500" ind1=" " ind2=" ">
      <subfield code="a">Uudelleen suomennettu.</subfield>
    </datafield>
    <datafield tag="500" ind1=" " ind2=" ">
      <subfield code="a">Julkaistu aiemmin Book Studion kustantamana 2001.</subfield>
    </datafield>
    <datafield tag="583" ind1=" " ind2=" ">
      <subfield code="a">BTJ</subfield>
    </datafield>
    <datafield tag="599" ind1=" " ind2=" ">
      <subfield code="a"> Imported from: melinda.kansalliskirjasto.fi:210/fin01 (Do not
                remove) </subfield>
    </datafield>
    <datafield tag="600" ind1="1" ind2="4">
      <subfield code="a">Young, Bryan</subfield>
      <subfield code="c">(fiktiivinen hahmo)</subfield>
      <subfield code="e">other</subfield>
      <subfield code="4">oth</subfield>
    </datafield>
    <datafield tag="600" ind1="1" ind2="4">
      <subfield code="a">Teasdale, James</subfield>
      <subfield code="c">(fiktiivinen hahmo)</subfield>
      <subfield code="e">other</subfield>
      <subfield code="4">oth</subfield>
    </datafield>
    <datafield tag="650" ind1=" " ind2="7">
      <subfield code="a">syyllisyys</subfield>
      <subfield code="2">kaunokki</subfield>
    </datafield>
    <datafield tag="650" ind1=" " ind2="7">
      <subfield code="a">pelko</subfield>
      <subfield code="2">kaunokki</subfield>
    </datafield>
    <datafield tag="650" ind1=" " ind2="7">
      <subfield code="a">uhkakuvat</subfield>
      <subfield code="2">kaunokki</subfield>
    </datafield>
    <datafield tag="650" ind1=" " ind2="7">
      <subfield code="a">pakkolaskut</subfield>
      <subfield code="x">lentäjät</subfield>
      <subfield code="2">kaunokki</subfield>
    </datafield>
    <datafield tag="650" ind1=" " ind2="7">
      <subfield code="a">väärä henkilöllisyys</subfield>
      <subfield code="x">sotilaat</subfield>
      <subfield code="2">kaunokki</subfield>
    </datafield>
    <datafield tag="650" ind1=" " ind2="7">
      <subfield code="a">mielenterveyshäiriöt</subfield>
      <subfield code="x">teeskentely</subfield>
      <subfield code="2">kaunokki</subfield>
    </datafield>
    <datafield tag="650" ind1=" " ind2="7">
      <subfield code="a">menneisyys</subfield>
      <subfield code="x">natsit</subfield>
      <subfield code="2">kaunokki</subfield>
    </datafield>
    <datafield tag="650" ind1=" " ind2="7">
      <subfield code="a">potilaat</subfield>
      <subfield code="x">mielisairaalat</subfield>
      <subfield code="2">kaunokki</subfield>
    </datafield>
    <datafield tag="650" ind1=" " ind2="7">
      <subfield code="a">suljetut alueet</subfield>
      <subfield code="z">Schwarzwald</subfield>
      <subfield code="y">1944</subfield>
      <subfield code="2">kaunokki</subfield>
    </datafield>
    <datafield tag="650" ind1=" " ind2="7">
      <subfield code="a">kaupungit</subfield>
      <subfield code="z">Saksa</subfield>
      <subfield code="z">Freiburg im Breisgau</subfield>
      <subfield code="y">1972</subfield>
      <subfield code="2">kaunokki</subfield>
    </datafield>
    <datafield tag="655" ind1=" " ind2="7">
      <subfield code="a">Deckare</subfield>
      <subfield code="0">https://id.kb.se/term/saogf/Deckare</subfield>
      <subfield code="2">saogf</subfield>
    </datafield>
    <datafield tag="655" ind1=" " ind2="7">
      <subfield code="a">jännityskirjallisuus</subfield>
      <subfield code="2">kaunokki</subfield>
    </datafield>
    <datafield tag="655" ind1=" " ind2="7">
      <subfield code="a">psykologinen jännityskirjallisuus</subfield>
      <subfield code="2">kaunokki</subfield>
    </datafield>
    <datafield tag="655" ind1=" " ind2="7">
      <subfield code="a">esikoisteokset</subfield>
      <subfield code="2">kaunokki</subfield>
    </datafield>
    <datafield tag="655" ind1=" " ind2="7">
      <subfield code="a">romaanit</subfield>
      <subfield code="2">kaunokki</subfield>
    </datafield>
    <datafield tag="655" ind1=" " ind2="7">
      <subfield code="a">kaunokirjallisuus</subfield>
      <subfield code="x">tanskankielinen kirjallisuus</subfield>
      <subfield code="x">käännökset</subfield>
      <subfield code="2">kaunokki</subfield>
    </datafield>
    <datafield tag="655" ind1=" " ind2="4">
      <subfield code="0">https://id.kb.se/marc/Novel</subfield>
    </datafield>
    <datafield tag="700" ind1="1" ind2=" ">
      <subfield code="a">Huttunen, Katriina</subfield>
      <subfield code="e">Translator</subfield>
      <subfield code="4">trl</subfield>
    </datafield>
    <datafield tag="583" ind1=" " ind2=" ">
      <subfield code="a">BTJ</subfield>
      <subfield code="5">FENNI</subfield>
    </datafield>
    <datafield tag="887" ind1=" " ind2=" ">
      <subfield code="a">
                {"@id":"dnrkk20fbk10cj9t","modified":"2018-10-30T23:00:00+01:00","checksum":"148238532385"} </subfield>
      <subfield code="2">librisxl</subfield>
    </datafield>
    <datafield tag="841" ind1=" " ind2=" ">
      <subfield code="5">Hapa</subfield>
      <subfield code="a">x 2</subfield>
      <subfield code="b">181121||0000|||||000||||||000000</subfield>
      <subfield code="e">|</subfield>
    </datafield>
    <datafield tag="887" ind1=" " ind2=" ">
      <subfield code="5">Hapa</subfield>
      <subfield code="a">
                {"@id":"r171r0c1pgv03bpd","modified":"2018-11-21T15:01:21.336+01:00","checksum":"95486056596"} </subfield>
      <subfield code="2">librisxl</subfield>
    </datafield>
    <datafield tag="841" ind1=" " ind2=" ">
      <subfield code="5">Kali</subfield>
      <subfield code="a">x 2</subfield>
      <subfield code="b">181102||0000|||||000||||||000000</subfield>
      <subfield code="e">|</subfield>
    </datafield>
    <datafield tag="887" ind1=" " ind2=" ">
      <subfield code="5">Kali</subfield>
      <subfield code="a">
                {"@id":"x6bwrrknvglncbsn","modified":"2018-11-02T11:01:58.657+01:00","checksum":"92280134357"} </subfield>
      <subfield code="2">librisxl</subfield>
    </datafield>
    <datafield tag="841" ind1=" " ind2=" ">
      <subfield code="5">No</subfield>
      <subfield code="a">x a</subfield>
      <subfield code="b">181119||0000|||||000||||||000000</subfield>
      <subfield code="e">|</subfield>
    </datafield>
    <datafield tag="887" ind1=" " ind2=" ">
      <subfield code="5">No</subfield>
      <subfield code="a">
                {"@id":"blsb3mq58hx6dsh1","modified":"2018-11-19T14:12:40.423+01:00","checksum":"100488462240"} </subfield>
      <subfield code="2">librisxl</subfield>
    </datafield>
    <datafield tag="841" ind1=" " ind2=" ">
      <subfield code="5">Ovet</subfield>
      <subfield code="a">x a</subfield>
      <subfield code="b">181026||0000|||||000||||||000000</subfield>
      <subfield code="e">|</subfield>
    </datafield>
    <datafield tag="887" ind1=" " ind2=" ">
      <subfield code="5">Ovet</subfield>
      <subfield code="a">
                {"@id":"08c55w8qxr4m6l1s","modified":"2018-10-26T13:32:42.753+02:00","checksum":"98358566073"} </subfield>
      <subfield code="2">librisxl</subfield>
    </datafield>
  </record>