
  <record>
    <leader>00784cam a22002653a 4500</leader>
    <controlfield tag="001">10169158</controlfield>
    <controlfield tag="003">SE-LIBR</controlfield>
    <controlfield tag="005">20130806182441.0</controlfield>
    <controlfield tag="008">060619s2006 no |||| |00| f|nor c</controlfield>
    <datafield tag="020" ind1=" " ind2=" ">
      <subfield code="a">82-04-11743-4</subfield>
    </datafield>
    <datafield tag="020" ind1=" " ind2=" ">
      <subfield code="a">978-82-04-11743-4</subfield>
    </datafield>
    <datafield tag="040" ind1=" " ind2=" ">
      <subfield code="a">L</subfield>
    </datafield>
    <datafield tag="041" ind1="1" ind2=" ">
      <subfield code="a">nor</subfield>
      <subfield code="h">dan</subfield>
    </datafield>
    <datafield tag="082" ind1="0" ind2="4">
      <subfield code="a">839.78</subfield>
      <subfield code="2">22 (machine generated)</subfield>
    </datafield>
    <datafield tag="084" ind1=" " ind2=" ">
      <subfield code="a">Hccdb.01</subfield>
      <subfield code="2">kssb/7</subfield>
    </datafield>
    <datafield tag="100" ind1="1" ind2=" ">
      <subfield code="a">Adler-Olsen, Jussi</subfield>
      <subfield code="d">1950-</subfield>
      <subfield code="e">Author</subfield>
      <subfield code="1">http://viaf.org/viaf/87407021</subfield>
      <subfield code="4">aut</subfield>
    </datafield>
    <datafield tag="240" ind1="1" ind2="0">
      <subfield code="a">Alfabethuset.</subfield>
      <subfield code="l">Norska</subfield>
      <subfield code="1">http://viaf.org/viaf/9576151656259408400005</subfield>
    </datafield>
    <datafield tag="245" ind1="1" ind2="0">
      <subfield code="a">Alfabethuset /</subfield>
      <subfield code="c">Jussi Adler-Olsen ; oversatt av Kirsti Øvergaard</subfield>
    </datafield>
    <datafield tag="250" ind1=" " ind2=" ">
      <subfield code="a">2. oppl.</subfield>
    </datafield>
    <datafield tag="260" ind1=" " ind2=" ">
      <subfield code="a">Oslo</subfield>
      <subfield code="b">Damm</subfield>
      <subfield code="c">2006</subfield>
    </datafield>
    <datafield tag="300" ind1=" " ind2=" ">
      <subfield code="a">479, [1] s.</subfield>
    </datafield>
    <datafield tag="700" ind1="1" ind2=" ">
      <subfield code="a">Øvergaard, Kirsti</subfield>
      <subfield code="e">Translator</subfield>
      <subfield code="1">http://viaf.org/viaf/225906657</subfield>
      <subfield code="4">trl</subfield>
    </datafield>
    <datafield tag="841" ind1=" " ind2=" ">
      <subfield code="5">L</subfield>
      <subfield code="a">xo a</subfield>
      <subfield code="b">060619|| |||||001|||||0901128</subfield>
      <subfield code="e">1</subfield>
    </datafield>
  </record>