
  <record>
    <leader>03000cam a2200649 a 4500</leader>
    <controlfield tag="001">14805039</controlfield>
    <controlfield tag="003">SE-LIBR</controlfield>
    <controlfield tag="005">20160112180151.0</controlfield>
    <controlfield tag="008">131115s2014 sw |||||||||||000 f|swe|d</controlfield>
    <datafield tag="020" ind1=" " ind2=" ">
      <subfield code="a">9789100140601</subfield>
    </datafield>
    <datafield tag="035" ind1=" " ind2=" ">
      <subfield code="a">(BOKR)9789100140601</subfield>
    </datafield>
    <datafield tag="040" ind1=" " ind2=" ">
      <subfield code="a">BOKR</subfield>
      <subfield code="d">S</subfield>
      <subfield code="e">a</subfield>
    </datafield>
    <datafield tag="041" ind1="1" ind2=" ">
      <subfield code="a">swe</subfield>
      <subfield code="h">dan</subfield>
    </datafield>
    <datafield tag="042" ind1=" " ind2=" ">
      <subfield code="9">NB</subfield>
    </datafield>
    <datafield tag="082" ind1="0" ind2="4">
      <subfield code="a">839.8138</subfield>
      <subfield code="2">23/swe</subfield>
    </datafield>
    <datafield tag="100" ind1="1" ind2=" ">
      <subfield code="a">Adler-Olsen, Jussi</subfield>
      <subfield code="d">1950-</subfield>
      <subfield code="e">Author</subfield>
      <subfield code="1">http://viaf.org/viaf/87407021</subfield>
      <subfield code="4">aut</subfield>
    </datafield>
    <datafield tag="240" ind1="1" ind2="0">
      <subfield code="a">Alfabethuset.</subfield>
      <subfield code="l">Svenska</subfield>
      <subfield code="1">http://viaf.org/viaf/9576151656259408400005</subfield>
    </datafield>
    <datafield tag="245" ind1="1" ind2="0">
      <subfield code="a">Alfabethuset /</subfield>
      <subfield code="c"> Jussi Adler-Olsen ; översättning: Britt Borglund och Tore Borglund.
            </subfield>
    </datafield>
    <datafield tag="250" ind1=" " ind2=" ">
      <subfield code="a">[Ny utg.]</subfield>
    </datafield>
    <datafield tag="264" ind1=" " ind2="1">
      <subfield code="a">Stockholm :</subfield>
      <subfield code="b">Bonnier,</subfield>
      <subfield code="c">2014</subfield>
    </datafield>
    <datafield tag="264" ind1=" " ind2="3">
      <subfield code="a">Litauen</subfield>
    </datafield>
    <datafield tag="300" ind1=" " ind2=" ">
      <subfield code="a">494 s.</subfield>
      <subfield code="c">21 cm</subfield>
    </datafield>
    <datafield tag="340" ind1=" " ind2=" ">
      <subfield code="b">21 cm</subfield>
    </datafield>
    <datafield tag="500" ind1=" " ind2=" ">
      <subfield code="a">Första svenska upplaga 2001</subfield>
    </datafield>
    <datafield tag="655" ind1=" " ind2="4">
      <subfield code="0">https://id.kb.se/marc/Novel</subfield>
    </datafield>
    <datafield tag="700" ind1="1" ind2=" ">
      <subfield code="a">Borglund, Britt</subfield>
      <subfield code="e">Translator</subfield>
      <subfield code="4">trl</subfield>
    </datafield>
    <datafield tag="700" ind1="1" ind2=" ">
      <subfield code="a">Borglund, Tore</subfield>
      <subfield code="e">Translator</subfield>
      <subfield code="4">trl</subfield>
    </datafield>
    <datafield tag="887" ind1=" " ind2=" ">
      <subfield code="a">
                {"@id":"zh9f7mb95bfdcz6","modified":"2016-01-12T18:01:51+01:00","checksum":"40670057181"} </subfield>
      <subfield code="2">librisxl</subfield>
    </datafield>
    <datafield tag="841" ind1=" " ind2=" ">
      <subfield code="5">BOKR</subfield>
      <subfield code="a">x a</subfield>
      <subfield code="b">180221||0000|||||000||||||000000</subfield>
      <subfield code="e">1</subfield>
    </datafield>
    <datafield tag="887" ind1=" " ind2=" ">
      <subfield code="5">BOKR</subfield>
      <subfield code="a">
                {"@id":"15dtl9n60k7l1rq","modified":"2018-09-06T09:07:51.646+02:00","checksum":"56412953201"} </subfield>
      <subfield code="2">librisxl</subfield>
    </datafield>
    <datafield tag="841" ind1=" " ind2=" ">
      <subfield code="5">Falk</subfield>
      <subfield code="a">x 2</subfield>
      <subfield code="b">190108||0000|||||000||||||000000</subfield>
      <subfield code="e">|</subfield>
    </datafield>
    <datafield tag="887" ind1=" " ind2=" ">
      <subfield code="5">Falk</subfield>
      <subfield code="a">
                {"@id":"gq4d981pdmsdxd79","modified":"2019-01-08T16:16:29.389+01:00","checksum":"41858295816"} </subfield>
      <subfield code="2">librisxl</subfield>
    </datafield>
    <datafield tag="841" ind1=" " ind2=" ">
      <subfield code="5">Kld1</subfield>
      <subfield code="a">x a</subfield>
      <subfield code="b">170602||0000|||||000||||||000000</subfield>
      <subfield code="e">1</subfield>
    </datafield>
    <datafield tag="887" ind1=" " ind2=" ">
      <subfield code="5">Kld1</subfield>
      <subfield code="a">
                {"@id":"x29jz7q33z5nfj5","modified":"2017-06-02T18:22:22+02:00","checksum":"55382168399"} </subfield>
      <subfield code="2">librisxl</subfield>
    </datafield>
    <datafield tag="841" ind1=" " ind2=" ">
      <subfield code="5">Kris</subfield>
      <subfield code="a">x a</subfield>
      <subfield code="b">160810||0000|||||000||||||000000</subfield>
      <subfield code="e">|</subfield>
    </datafield>
    <datafield tag="887" ind1=" " ind2=" ">
      <subfield code="5">Kris</subfield>
      <subfield code="a">
                {"@id":"gltvjm1m1bq55h7","modified":"2016-08-10T18:12:33+02:00","checksum":"71305501153"} </subfield>
      <subfield code="2">librisxl</subfield>
    </datafield>
    <datafield tag="841" ind1=" " ind2=" ">
      <subfield code="5">L</subfield>
      <subfield code="a">x a</subfield>
      <subfield code="b">140328||0000|||||001|||||0901128</subfield>
      <subfield code="e">1</subfield>
    </datafield>
    <datafield tag="887" ind1=" " ind2=" ">
      <subfield code="5">L</subfield>
      <subfield code="a">
                {"@id":"tz5s4lm01vlf80k","modified":"2014-03-28T07:53:02+01:00","checksum":"71261092467"} </subfield>
      <subfield code="2">librisxl</subfield>
    </datafield>
    <datafield tag="841" ind1=" " ind2=" ">
      <subfield code="5">Moln</subfield>
      <subfield code="a">x a</subfield>
      <subfield code="b">150715||0000|||||000||||||000000</subfield>
      <subfield code="e">1</subfield>
    </datafield>
    <datafield tag="887" ind1=" " ind2=" ">
      <subfield code="5">Moln</subfield>
      <subfield code="a">
                {"@id":"bgph5b8h2r3dh0l","modified":"2015-07-15T16:10:52+02:00","checksum":"60114395926"} </subfield>
      <subfield code="2">librisxl</subfield>
    </datafield>
    <datafield tag="841" ind1=" " ind2=" ">
      <subfield code="5">S</subfield>
      <subfield code="a">x a</subfield>
      <subfield code="b">140312||0000|||||001||||||000000</subfield>
      <subfield code="e">1</subfield>
    </datafield>
    <datafield tag="599" ind1=" " ind2=" ">
      <subfield code="5">S</subfield>
      <subfield code="a">nbv201411</subfield>
    </datafield>
    <datafield tag="887" ind1=" " ind2=" ">
      <subfield code="5">S</subfield>
      <subfield code="a">
                {"@id":"v06sqmn12292zw7","modified":"2014-03-12T14:07:09+01:00","checksum":"63525274113"} </subfield>
      <subfield code="2">librisxl</subfield>
    </datafield>
    <datafield tag="841" ind1=" " ind2=" ">
      <subfield code="5">Sten</subfield>
      <subfield code="a">x a</subfield>
      <subfield code="b">170307||0000|||||000||||||000000</subfield>
      <subfield code="e">1</subfield>
    </datafield>
    <datafield tag="887" ind1=" " ind2=" ">
      <subfield code="5">Sten</subfield>
      <subfield code="a">
                {"@id":"tz6ctwh0061c98s","modified":"2017-03-07T10:57:29+01:00","checksum":"59691540310"} </subfield>
      <subfield code="2">librisxl</subfield>
    </datafield>
    <datafield tag="841" ind1=" " ind2=" ">
      <subfield code="5">Vasb</subfield>
      <subfield code="a">x a</subfield>
      <subfield code="b">150522||0000|||||000||||||000000</subfield>
      <subfield code="e">1</subfield>
    </datafield>
    <datafield tag="887" ind1=" " ind2=" ">
      <subfield code="5">Vasb</subfield>
      <subfield code="a">
                {"@id":"37g8hnj82sg6dg5","modified":"2015-05-22T16:12:02+02:00","checksum":"64456979933"} </subfield>
      <subfield code="2">librisxl</subfield>
    </datafield>
  </record>