
  <record>
    <leader>06415cam a2201357 a 4500</leader>
    <controlfield tag="001">16489128</controlfield>
    <controlfield tag="003">SE-LIBR</controlfield>
    <controlfield tag="005">20171211112851.0</controlfield>
    <controlfield tag="008">140506s2014 sw |||||||||||000 f|swe|d</controlfield>
    <datafield tag="020" ind1=" " ind2=" ">
      <subfield code="a">9789174294132</subfield>
    </datafield>
    <datafield tag="035" ind1=" " ind2=" ">
      <subfield code="a">(BOKR)9789174294132</subfield>
    </datafield>
    <datafield tag="040" ind1=" " ind2=" ">
      <subfield code="a">BOKR</subfield>
      <subfield code="d">S</subfield>
    </datafield>
    <datafield tag="041" ind1="1" ind2=" ">
      <subfield code="a">swe</subfield>
      <subfield code="h">dan</subfield>
    </datafield>
    <datafield tag="042" ind1=" " ind2=" ">
      <subfield code="9">NB</subfield>
    </datafield>
    <datafield tag="082" ind1="0" ind2="4">
      <subfield code="a">839.8138</subfield>
      <subfield code="2">23/swe</subfield>
    </datafield>
    <datafield tag="100" ind1="1" ind2=" ">
      <subfield code="a">Adler-Olsen, Jussi</subfield>
      <subfield code="d">1950-</subfield>
      <subfield code="e">Author</subfield>
      <subfield code="1">http://viaf.org/viaf/87407021</subfield>
      <subfield code="4">aut</subfield>
    </datafield>
    <datafield tag="240" ind1="1" ind2="0">
      <subfield code="a">Alfabethuset.</subfield>
      <subfield code="l">Svenska</subfield>
      <subfield code="1">http://viaf.org/viaf/9576151656259408400005</subfield>
    </datafield>
    <datafield tag="245" ind1="1" ind2="0">
      <subfield code="a">Alfabethuset /</subfield>
      <subfield code="c"> Jussi Adler-Olsen ; översättning: Britt Borglund och Tore Borglund.
            </subfield>
    </datafield>
    <datafield tag="250" ind1=" " ind2=" ">
      <subfield code="a">[Ny utg.]</subfield>
    </datafield>
    <datafield tag="264" ind1=" " ind2="1">
      <subfield code="a">Stockholm :</subfield>
      <subfield code="b">Bonnier pocket,</subfield>
      <subfield code="c">2014</subfield>
    </datafield>
    <datafield tag="264" ind1=" " ind2="3">
      <subfield code="a">Litauen</subfield>
    </datafield>
    <datafield tag="300" ind1=" " ind2=" ">
      <subfield code="a">494 s.</subfield>
      <subfield code="c">18 cm</subfield>
    </datafield>
    <datafield tag="340" ind1=" " ind2=" ">
      <subfield code="b">18 cm</subfield>
    </datafield>
    <datafield tag="490" ind1="0" ind2=" ">
      <subfield code="a">Bonnier pocket,</subfield>
      <subfield code="x">99-0307595-2</subfield>
    </datafield>
    <datafield tag="500" ind1=" " ind2=" ">
      <subfield code="a">Första svenska upplaga 2001</subfield>
    </datafield>
    <datafield tag="648" ind1=" " ind2="7">
      <subfield code="a">1940-talet</subfield>
      <subfield code="0">https://id.kb.se/term/sao/1940-talet</subfield>
      <subfield code="2">sao</subfield>
    </datafield>
    <datafield tag="648" ind1=" " ind2="4">
      <subfield code="a">1970-talet</subfield>
    </datafield>
    <datafield tag="650" ind1=" " ind2="7">
      <subfield code="a">Psykiatriska sjukhus</subfield>
      <subfield code="0">https://id.kb.se/term/sao/Psykiatriska%20sjukhus</subfield>
      <subfield code="2">sao</subfield>
    </datafield>
    <datafield tag="650" ind1=" " ind2="7">
      <subfield code="a">Andra världskriget 1939-1945</subfield>
      <subfield code="2">sao</subfield>
    </datafield>
    <datafield tag="650" ind1=" " ind2="7">
      <subfield code="a">Engelska soldater</subfield>
      <subfield code="0">https://id.kb.se/term/sao/Engelska%20soldater</subfield>
      <subfield code="2">sao</subfield>
    </datafield>
    <datafield tag="650" ind1=" " ind2="7">
      <subfield code="a">Grymheter</subfield>
      <subfield code="0">https://id.kb.se/term/sao/Grymheter</subfield>
      <subfield code="2">sao</subfield>
    </datafield>
    <datafield tag="650" ind1=" " ind2="0">
      <subfield code="a">Atrocities</subfield>
    </datafield>
    <datafield tag="650" ind1=" " ind2="0">
      <subfield code="a">Psychiatric hospitals</subfield>
    </datafield>
    <datafield tag="651" ind1=" " ind2="4">
      <subfield code="a">Storbritannien</subfield>
      <subfield code="0">https://libris.kb.se/jgvxx4n24nx12bv#it</subfield>
    </datafield>
    <datafield tag="651" ind1=" " ind2="4">
      <subfield code="a">Tyskland</subfield>
      <subfield code="0">https://libris.kb.se/b8nqprqv0sp2ttj#it</subfield>
    </datafield>
    <datafield tag="655" ind1=" " ind2="7">
      <subfield code="a">Thrillers</subfield>
      <subfield code="0">https://id.kb.se/term/saogf/Thrillers</subfield>
      <subfield code="2">saogf</subfield>
    </datafield>
    <datafield tag="655" ind1=" " ind2="7">
      <subfield code="a">Romaner</subfield>
      <subfield code="0">https://id.kb.se/term/saogf/Romaner</subfield>
      <subfield code="2">saogf</subfield>
    </datafield>
    <datafield tag="700" ind1="1" ind2=" ">
      <subfield code="a">Borglund, Britt</subfield>
      <subfield code="e">Translator</subfield>
      <subfield code="4">trl</subfield>
    </datafield>
    <datafield tag="700" ind1="1" ind2=" ">
      <subfield code="a">Borglund, Tore</subfield>
      <subfield code="e">Translator</subfield>
      <subfield code="4">trl</subfield>
    </datafield>
    <datafield tag="887" ind1=" " ind2=" ">
      <subfield code="a">
                {"@id":"8sltl9tl0n6cmd7","modified":"2017-12-11T11:28:51+01:00","checksum":"245833292130"} </subfield>
      <subfield code="2">librisxl</subfield>
    </datafield>
    <datafield tag="948" ind1=" " ind2="s">
      <subfield code="6">648</subfield>
      <subfield code="a">Nittonhundrafyrtiotalet</subfield>
      <subfield code="u">1940-talet</subfield>
    </datafield>
    <datafield tag="950" ind1=" " ind2="s">
      <subfield code="6">650</subfield>
      <subfield code="a">Andra världskriget</subfield>
      <subfield code="x">grymheter</subfield>
      <subfield code="u">Grymheter</subfield>
    </datafield>
    <datafield tag="950" ind1=" " ind2="k">
      <subfield code="6">650</subfield>
      <subfield code="w">g</subfield>
      <subfield code="a">Brott mot person</subfield>
      <subfield code="u">Grymheter</subfield>
    </datafield>
    <datafield tag="950" ind1=" " ind2="k">
      <subfield code="6">650</subfield>
      <subfield code="w">g</subfield>
      <subfield code="a">Grymhet</subfield>
      <subfield code="u">Grymheter</subfield>
    </datafield>
    <datafield tag="950" ind1=" " ind2="k">
      <subfield code="6">650</subfield>
      <subfield code="w">g</subfield>
      <subfield code="a">Krigsförbrytelser</subfield>
      <subfield code="u">Grymheter</subfield>
    </datafield>
    <datafield tag="950" ind1=" " ind2="k">
      <subfield code="6">650</subfield>
      <subfield code="w">h</subfield>
      <subfield code="a">Förföljelse</subfield>
      <subfield code="u">Grymheter</subfield>
    </datafield>
    <datafield tag="950" ind1=" " ind2="k">
      <subfield code="6">650</subfield>
      <subfield code="w">h</subfield>
      <subfield code="a">Massakrer</subfield>
      <subfield code="u">Grymheter</subfield>
    </datafield>
    <datafield tag="950" ind1=" " ind2="k">
      <subfield code="6">650</subfield>
      <subfield code="w">h</subfield>
      <subfield code="a">Politiska grymheter</subfield>
      <subfield code="u">Grymheter</subfield>
    </datafield>
    <datafield tag="950" ind1=" " ind2="s">
      <subfield code="6">650</subfield>
      <subfield code="a">Sinnessjukhus</subfield>
      <subfield code="u">Psykiatriska sjukhus</subfield>
    </datafield>
    <datafield tag="950" ind1=" " ind2="s">
      <subfield code="6">650</subfield>
      <subfield code="a">Mentalsjukhus</subfield>
      <subfield code="u">Psykiatriska sjukhus</subfield>
    </datafield>
    <datafield tag="950" ind1=" " ind2="k">
      <subfield code="6">650</subfield>
      <subfield code="w">g</subfield>
      <subfield code="a">Sjukhus</subfield>
      <subfield code="u">Psykiatriska sjukhus</subfield>
    </datafield>
    <datafield tag="950" ind1=" " ind2="k">
      <subfield code="6">650</subfield>
      <subfield code="w">g</subfield>
      <subfield code="a">Soldater</subfield>
      <subfield code="u">Engelska soldater</subfield>
    </datafield>
    <datafield tag="951" ind1=" " ind2="s">
      <subfield code="6">651</subfield>
      <subfield code="a">Förenade kungariket Storbritannien och Nordirland</subfield>
      <subfield code="u">Storbritannien</subfield>
    </datafield>
    <datafield tag="951" ind1=" " ind2="s">
      <subfield code="6">651</subfield>
      <subfield code="a">Great Britain</subfield>
      <subfield code="u">Storbritannien</subfield>
    </datafield>
    <datafield tag="951" ind1=" " ind2="s">
      <subfield code="6">651</subfield>
      <subfield code="a">Storbritannien och Nordirland</subfield>
      <subfield code="u">Storbritannien</subfield>
    </datafield>
    <datafield tag="951" ind1=" " ind2="s">
      <subfield code="6">651</subfield>
      <subfield code="a"> United Kingdom of Great Britain and Northern Ireland </subfield>
      <subfield code="u">Storbritannien</subfield>
    </datafield>
    <datafield tag="951" ind1=" " ind2="k">
      <subfield code="6">651</subfield>
      <subfield code="a">Brittiska öarna</subfield>
      <subfield code="u">Storbritannien</subfield>
    </datafield>
    <datafield tag="951" ind1=" " ind2="s">
      <subfield code="6">651</subfield>
      <subfield code="a">Deutschland</subfield>
      <subfield code="u">Tyskland</subfield>
    </datafield>
    <datafield tag="951" ind1=" " ind2="s">
      <subfield code="6">651</subfield>
      <subfield code="a">Bundesrepublik Deutschland</subfield>
      <subfield code="u">Tyskland</subfield>
    </datafield>
    <datafield tag="951" ind1=" " ind2="k">
      <subfield code="6">651</subfield>
      <subfield code="w">h</subfield>
      <subfield code="a">Västra Tyskland</subfield>
      <subfield code="u">Tyskland</subfield>
    </datafield>
    <datafield tag="951" ind1=" " ind2="k">
      <subfield code="6">651</subfield>
      <subfield code="w">h</subfield>
      <subfield code="a">Östra Tyskland</subfield>
      <subfield code="u">Tyskland</subfield>
    </datafield>
    <datafield tag="951" ind1=" " ind2="k">
      <subfield code="6">651</subfield>
      <subfield code="a">Östtyskland</subfield>
      <subfield code="u">Tyskland</subfield>
    </datafield>
    <datafield tag="951" ind1=" " ind2="k">
      <subfield code="6">651</subfield>
      <subfield code="a">Västtyskland</subfield>
      <subfield code="u">Tyskland</subfield>
    </datafield>
    <datafield tag="955" ind1=" " ind2="k">
      <subfield code="6">655</subfield>
      <subfield code="w">g</subfield>
      <subfield code="a">Skönlitteratur</subfield>
      <subfield code="u">Romaner</subfield>
    </datafield>
    <datafield tag="955" ind1=" " ind2="k">
      <subfield code="6">655</subfield>
      <subfield code="w">h</subfield>
      <subfield code="a">Brevromaner</subfield>
      <subfield code="u">Romaner</subfield>
    </datafield>
    <datafield tag="955" ind1=" " ind2="k">
      <subfield code="6">655</subfield>
      <subfield code="w">h</subfield>
      <subfield code="a">Dagboksromaner</subfield>
      <subfield code="u">Romaner</subfield>
    </datafield>
    <datafield tag="955" ind1=" " ind2="k">
      <subfield code="6">655</subfield>
      <subfield code="w">h</subfield>
      <subfield code="a">Kollektivromaner</subfield>
      <subfield code="u">Romaner</subfield>
    </datafield>
    <datafield tag="955" ind1=" " ind2="k">
      <subfield code="6">655</subfield>
      <subfield code="w">h</subfield>
      <subfield code="a">Nyckelromaner</subfield>
      <subfield code="u">Romaner</subfield>
    </datafield>
    <datafield tag="955" ind1=" " ind2="k">
      <subfield code="6">655</subfield>
      <subfield code="w">h</subfield>
      <subfield code="a">Pikareskromaner</subfield>
      <subfield code="u">Romaner</subfield>
    </datafield>
    <datafield tag="955" ind1=" " ind2="k">
      <subfield code="6">655</subfield>
      <subfield code="w">h</subfield>
      <subfield code="a">Serieromaner</subfield>
      <subfield code="u">Romaner</subfield>
    </datafield>
    <datafield tag="955" ind1=" " ind2="k">
      <subfield code="6">655</subfield>
      <subfield code="w">h</subfield>
      <subfield code="a">Utvecklingsromaner</subfield>
      <subfield code="u">Romaner</subfield>
    </datafield>
    <datafield tag="955" ind1=" " ind2="s">
      <subfield code="6">655</subfield>
      <subfield code="a">Agentberättelser</subfield>
      <subfield code="u">Thrillers</subfield>
    </datafield>
    <datafield tag="955" ind1=" " ind2="s">
      <subfield code="6">655</subfield>
      <subfield code="a">Agentromaner</subfield>
      <subfield code="u">Thrillers</subfield>
    </datafield>
    <datafield tag="955" ind1=" " ind2="s">
      <subfield code="6">655</subfield>
      <subfield code="w">||e</subfield>
      <subfield code="a">Psykologiska thrillers</subfield>
      <subfield code="u">Thrillers</subfield>
    </datafield>
    <datafield tag="955" ind1=" " ind2="s">
      <subfield code="6">655</subfield>
      <subfield code="a">Spionberättelser</subfield>
      <subfield code="u">Thrillers</subfield>
    </datafield>
    <datafield tag="955" ind1=" " ind2="s">
      <subfield code="6">655</subfield>
      <subfield code="w">||e</subfield>
      <subfield code="a">Spionromaner</subfield>
      <subfield code="u">Thrillers</subfield>
    </datafield>
    <datafield tag="955" ind1=" " ind2="s">
      <subfield code="6">655</subfield>
      <subfield code="a">Spänningsromaner</subfield>
      <subfield code="u">Thrillers</subfield>
    </datafield>
    <datafield tag="955" ind1=" " ind2="k">
      <subfield code="6">655</subfield>
      <subfield code="w">g</subfield>
      <subfield code="a">Skönlitteratur</subfield>
      <subfield code="u">Thrillers</subfield>
    </datafield>
    <datafield tag="841" ind1=" " ind2=" ">
      <subfield code="5">BOKR</subfield>
      <subfield code="a">x a</subfield>
      <subfield code="b">180221||0000|||||000||||||000000</subfield>
      <subfield code="e">1</subfield>
    </datafield>
    <datafield tag="887" ind1=" " ind2=" ">
      <subfield code="5">BOKR</subfield>
      <subfield code="a">
                {"@id":"chq5whlj5d5j7jl","modified":"2018-09-06T09:10:31.228+02:00","checksum":"1365262957"} </subfield>
      <subfield code="2">librisxl</subfield>
    </datafield>
    <datafield tag="841" ind1=" " ind2=" ">
      <subfield code="5">Kld1</subfield>
      <subfield code="a">x a</subfield>
      <subfield code="b">161028||0000|||||000||||||000000</subfield>
      <subfield code="e">1</subfield>
    </datafield>
    <datafield tag="887" ind1=" " ind2=" ">
      <subfield code="5">Kld1</subfield>
      <subfield code="a">
                {"@id":"mr03z0gs2f8dm2k","modified":"2016-10-28T12:41:53+02:00","checksum":"3455092010"} </subfield>
      <subfield code="2">librisxl</subfield>
    </datafield>
    <datafield tag="841" ind1=" " ind2=" ">
      <subfield code="5">L</subfield>
      <subfield code="a">x a</subfield>
      <subfield code="b">140918||0000|||||001||||||901128</subfield>
      <subfield code="e">1</subfield>
    </datafield>
    <datafield tag="887" ind1=" " ind2=" ">
      <subfield code="5">L</subfield>
      <subfield code="a">
                {"@id":"chpd8s1j2bg5j0c","modified":"2014-09-18T15:09:44+02:00","checksum":"9182300053"} </subfield>
      <subfield code="2">librisxl</subfield>
    </datafield>
    <datafield tag="841" ind1=" " ind2=" ">
      <subfield code="5">LnuV</subfield>
      <subfield code="a">x a</subfield>
      <subfield code="b">150313||0000||||1001||||||901128</subfield>
      <subfield code="e">4</subfield>
    </datafield>
    <datafield tag="887" ind1=" " ind2=" ">
      <subfield code="5">LnuV</subfield>
      <subfield code="a">
                {"@id":"fkrk2p6l1pkqzcc","modified":"2015-03-30T12:48:42+02:00","checksum":"9818101209"} </subfield>
      <subfield code="2">librisxl</subfield>
    </datafield>
    <datafield tag="841" ind1=" " ind2=" ">
      <subfield code="5">Lobj</subfield>
      <subfield code="a">x a</subfield>
      <subfield code="b">160425||0000|||||000||||||000000</subfield>
      <subfield code="e">|</subfield>
    </datafield>
    <datafield tag="887" ind1=" " ind2=" ">
      <subfield code="5">Lobj</subfield>
      <subfield code="a">
                {"@id":"37ggh8381bm2w2s","modified":"2016-04-25T12:08:42+02:00","checksum":"4342661778"} </subfield>
      <subfield code="2">librisxl</subfield>
    </datafield>
    <datafield tag="841" ind1=" " ind2=" ">
      <subfield code="5">Mo</subfield>
      <subfield code="a">x a</subfield>
      <subfield code="b">141024||0000|||||000||||||000000</subfield>
      <subfield code="e">1</subfield>
    </datafield>
    <datafield tag="887" ind1=" " ind2=" ">
      <subfield code="5">Mo</subfield>
      <subfield code="a">
                {"@id":"glsjnrkm5g6l74z","modified":"2014-10-24T19:05:29+02:00","checksum":"6515288178"} </subfield>
      <subfield code="2">librisxl</subfield>
    </datafield>
    <datafield tag="841" ind1=" " ind2=" ">
      <subfield code="5">Moln</subfield>
      <subfield code="a">x a</subfield>
      <subfield code="b">150715||0000|||||000||||||000000</subfield>
      <subfield code="e">1</subfield>
    </datafield>
    <datafield tag="887" ind1=" " ind2=" ">
      <subfield code="5">Moln</subfield>
      <subfield code="a">
                {"@id":"chqj6c9j55lszpv","modified":"2015-07-15T16:10:59+02:00","checksum":"-1527121228"} </subfield>
      <subfield code="2">librisxl</subfield>
    </datafield>
    <datafield tag="841" ind1=" " ind2=" ">
      <subfield code="5">S</subfield>
      <subfield code="a">x a</subfield>
      <subfield code="b">140923||0000|||||001||||||000000</subfield>
      <subfield code="e">1</subfield>
    </datafield>
    <datafield tag="599" ind1=" " ind2=" ">
      <subfield code="5">S</subfield>
      <subfield code="a">nbv201439</subfield>
    </datafield>
    <datafield tag="887" ind1=" " ind2=" ">
      <subfield code="5">S</subfield>
      <subfield code="a">
                {"@id":"7ck85gsd2ctk7qx","modified":"2014-09-23T13:17:14+02:00","checksum":"6288577162"} </subfield>
      <subfield code="2">librisxl</subfield>
    </datafield>
    <datafield tag="841" ind1=" " ind2=" ">
      <subfield code="5">Sk</subfield>
      <subfield code="a">x a</subfield>
      <subfield code="b">171211||0000|||||000||||||000000</subfield>
      <subfield code="e">|</subfield>
    </datafield>
    <datafield tag="887" ind1=" " ind2=" ">
      <subfield code="5">Sk</subfield>
      <subfield code="a">
                {"@id":"kpx9lmkq1x5z5cn","modified":"2017-12-11T18:21:56+01:00","checksum":"2746535325"} </subfield>
      <subfield code="2">librisxl</subfield>
    </datafield>
    <datafield tag="841" ind1=" " ind2=" ">
      <subfield code="5">Tjor</subfield>
      <subfield code="a">u a</subfield>
      <subfield code="b">180823||0000|||||000||||||000000</subfield>
      <subfield code="e">|</subfield>
    </datafield>
    <datafield tag="887" ind1=" " ind2=" ">
      <subfield code="5">Tjor</subfield>
      <subfield code="a">
                {"@id":"pzs7jrn0mzbs2gp1","modified":"2018-08-23T08:06:19.255+02:00","checksum":"12244958675"} </subfield>
      <subfield code="2">librisxl</subfield>
    </datafield>
    <datafield tag="841" ind1=" " ind2=" ">
      <subfield code="5">Udd</subfield>
      <subfield code="a">x a</subfield>
      <subfield code="b">141128||0000|||||000||||||000000</subfield>
      <subfield code="e">|</subfield>
    </datafield>
    <datafield tag="887" ind1=" " ind2=" ">
      <subfield code="5">Udd</subfield>
      <subfield code="a">
                {"@id":"jnvl9tnp2x3sbv4","modified":"2014-11-28T16:19:21+01:00","checksum":"11494152978"} </subfield>
      <subfield code="2">librisxl</subfield>
    </datafield>
    <datafield tag="841" ind1=" " ind2=" ">
      <subfield code="5">Umdp</subfield>
      <subfield code="a">x a</subfield>
      <subfield code="b">180321||0000||||1001||||||000000</subfield>
      <subfield code="e">1</subfield>
    </datafield>
    <datafield tag="887" ind1=" " ind2=" ">
      <subfield code="5">Umdp</subfield>
      <subfield code="a">
                {"@id":"7cl186rd4r4lg5j","modified":"2018-03-21T09:33:30+01:00","checksum":"11112722410"} </subfield>
      <subfield code="2">librisxl</subfield>
    </datafield>
  </record>