 
  <marc:record>
    <marc:leader>02823cam a22004098i 4500</marc:leader>
    <marc:controlfield tag="001">17873719</marc:controlfield>
    <marc:controlfield tag="005">20130911114304.0</marc:controlfield>
    <marc:controlfield tag="008">130903t20142013nyu           000 1 eng  </marc:controlfield>
    <marc:datafield tag="906" ind1=" " ind2=" ">
      <marc:subfield code="a">7</marc:subfield>
      <marc:subfield code="b">cbc</marc:subfield>
      <marc:subfield code="c">orignew</marc:subfield>
      <marc:subfield code="d">1</marc:subfield>
      <marc:subfield code="e">ecip</marc:subfield>
      <marc:subfield code="f">20</marc:subfield>
      <marc:subfield code="g">y-gencatlg</marc:subfield>
    </marc:datafield>
    <marc:datafield tag="925" ind1="0" ind2=" ">
      <marc:subfield code="a">acquire</marc:subfield>
      <marc:subfield code="b">2 shelf copies</marc:subfield>
      <marc:subfield code="x">policy default</marc:subfield>
    </marc:datafield>
    <marc:datafield tag="955" ind1=" " ind2=" ">
      <marc:subfield code="b">xk11 2013-09-03</marc:subfield>
      <marc:subfield code="i">xk11 2013-09-03 ONIX to Dewey</marc:subfield>
      <marc:subfield code="w">xl47 2013-09-11</marc:subfield>
    </marc:datafield>
    <marc:datafield tag="010" ind1=" " ind2=" ">
      <marc:subfield code="a">  2013032396</marc:subfield>
    </marc:datafield>
    <marc:datafield tag="020" ind1=" " ind2=" ">
      <marc:subfield code="a">9780142180815 (pbk.)</marc:subfield>
    </marc:datafield>
    <marc:datafield tag="040" ind1=" " ind2=" ">
      <marc:subfield code="a">DLC</marc:subfield>
      <marc:subfield code="b">eng</marc:subfield>
      <marc:subfield code="c">DLC</marc:subfield>
      <marc:subfield code="e">rda</marc:subfield>
    </marc:datafield>
    <marc:datafield tag="041" ind1="1" ind2=" ">
      <marc:subfield code="a">eng</marc:subfield>
      <marc:subfield code="h">dan</marc:subfield>
    </marc:datafield>
    <marc:datafield tag="042" ind1=" " ind2=" ">
      <marc:subfield code="a">pcc</marc:subfield>
    </marc:datafield>
    <marc:datafield tag="050" ind1="0" ind2="0">
      <marc:subfield code="a">PT8176.1.D54</marc:subfield>
      <marc:subfield code="b">F5313 2014</marc:subfield>
    </marc:datafield>
    <marc:datafield tag="082" ind1="0" ind2="0">
      <marc:subfield code="a">839.81/38</marc:subfield>
      <marc:subfield code="2">23</marc:subfield>
    </marc:datafield>
    <marc:datafield tag="084" ind1=" " ind2=" ">
      <marc:subfield code="a">FIC022020</marc:subfield>
      <marc:subfield code="a">FIC050000</marc:subfield>
      <marc:subfield code="a">FIC031000</marc:subfield>
      <marc:subfield code="2">bisacsh</marc:subfield>
    </marc:datafield>
    <marc:datafield tag="100" ind1="1" ind2=" ">
      <marc:subfield code="a">Adler-Olsen, Jussi.</marc:subfield>
      <marc:subfield code="d">1950-</marc:subfield>
      <marc:subfield code="e">Author</marc:subfield>
      <marc:subfield code="1">http://viaf.org/viaf/87407021</marc:subfield>
      <marc:subfield code="4">aut</marc:subfield>
    </marc:datafield>
    <marc:datafield tag="240" ind1="1" ind2="0">
      <marc:subfield code="a">Flaskepost fra P.</marc:subfield>
      <marc:subfield code="l">English</marc:subfield>
      <marc:subfield code="1">http:/viaf.org/1177151656224808400000</marc:subfield>
    </marc:datafield>
    <marc:datafield tag="245" ind1="1" ind2="2">
      <marc:subfield code="a">A conspiracy of faith :</marc:subfield>
      <marc:subfield code="b">a Department Q novel /</marc:subfield>
      <marc:subfield code="c">Jussi Adler-Olsen ; translated by Martin Aitken.</marc:subfield>
    </marc:datafield>
    <marc:datafield tag="264" ind1=" " ind2="1">
      <marc:subfield code="a">New York, New York :</marc:subfield>
      <marc:subfield code="b">Plume,</marc:subfield>
      <marc:subfield code="c">2014.</marc:subfield>
    </marc:datafield>
    <marc:datafield tag="264" ind1=" " ind2="4">
      <marc:subfield code="c">©2013</marc:subfield>
    </marc:datafield>
    <marc:datafield tag="263" ind1=" " ind2=" ">
      <marc:subfield code="a">1401</marc:subfield>
    </marc:datafield>
    <marc:datafield tag="300" ind1=" " ind2=" ">
      <marc:subfield code="a">pages cm</marc:subfield>
    </marc:datafield>
    <marc:datafield tag="336" ind1=" " ind2=" ">
      <marc:subfield code="a">text</marc:subfield>
      <marc:subfield code="b">txt</marc:subfield>
      <marc:subfield code="0">http://rdaregistry.info/termList/RDAContentType/1020</marc:subfield>
      <marc:subfield code="2">rdacontent</marc:subfield>
    </marc:datafield>
    <marc:datafield tag="337" ind1=" " ind2=" ">
      <subfield code="a">unmediated</subfield>
      <subfield code="b">n</subfield>
      <subfield code="0">http://rdaregistry.info/termList/RDAMediaType/1007</subfield>
      <subfield code="2">rdamedia</subfield>
    </marc:datafield>
    <marc:datafield tag="338" ind1=" " ind2=" ">
      <marc:subfield code="a">volume</marc:subfield>
      <marc:subfield code="b">nc</marc:subfield>
      <marc:subfield code="0">http://rdaregistry.info/termList/RDACarrierType/1049</marc:subfield>
      <marc:subfield code="2">rdacarrier</marc:subfield>
    </marc:datafield>
    <datafield tag="380" ind1=" " ind2=" ">
      <subfield code="a">novel</subfield>
      <subfield code="2">marcgt</subfield>
    </datafield>
    <marc:datafield tag="500" ind1=" " ind2=" ">
      <marc:subfield code="a">"Originally published with the title Redemption in Great Britain by Penguin Books.  First published in the United States of America by Dutton, a member of Penguin Group (USA) Inc., 2013"--Title page verso.</marc:subfield>
    </marc:datafield>
    <marc:datafield tag="520" ind1=" " ind2=" ">
      <marc:subfield code="a">"The New York Times and # 1 international bestselling author Jussi Adler-Olsen returns with another shocking cold case in his exhilarating Department Q series.  Detective Carl Mørck holds in his hands a bottle that contains old and decayed message, written in blood. It is a cry for help from two young brothers, tied and bound in a boathouse by the sea. Could it be real? Who are these boys, and why weren't they reported missing? Could they possibly still be alive?   Carl's investigation will force him to cross paths with a woman stuck in a desperate marriage- her husband refuses to tell her where he goes, what he does, how long he will be away. For days on end she waits, and when he returns she must endure his wants, his moods, his threats. But enough is enough. She will find out the truth, no matter the cost to her husband-or to herself.  Carl and his colleagues Assad and Rose must use all of their resources to uncover the horrifying truth in this heart-pounding Nordic thriller from the #1 international bestselling author Jussi Adler-Olsen"--</marc:subfield>
      <marc:subfield code="c">Provided by publisher.</marc:subfield>
    </marc:datafield>
    <marc:datafield tag="650" ind1=" " ind2="7">
      <marc:subfield code="a">FICTION / Mystery &amp; Detective / Police Procedural.</marc:subfield>
      <marc:subfield code="2">bisacsh</marc:subfield>
    </marc:datafield>
    <marc:datafield tag="650" ind1=" " ind2="7">
      <marc:subfield code="a">FICTION / Crime.</marc:subfield>
      <marc:subfield code="2">bisacsh</marc:subfield>
    </marc:datafield>
    <marc:datafield tag="650" ind1=" " ind2="7">
      <marc:subfield code="a">FICTION / Thrillers.</marc:subfield>
      <marc:subfield code="2">bisacsh</marc:subfield>
    </marc:datafield>
    <marc:datafield tag="700" ind1="1" ind2=" ">
      <marc:subfield code="a">Aitkin, Martin,</marc:subfield>
      <marc:subfield code="e">Translator</marc:subfield>
      <marc:subfield code="1">http://viaf.org/viaf/186275870</marc:subfield>
      <marc:subfield code="4">trl</marc:subfield>
    </marc:datafield>
    <marc:datafield tag="856" ind1="4" ind2="2">
      <marc:subfield code="3">Cover image</marc:subfield>
      <marc:subfield code="u">ftp://ppftpuser:welcome@ftp01.penguingroup.com/Booksellers and Media/Covers/2008_2009_New_Covers/9780142180815.jpg</marc:subfield>
    </marc:datafield>
    <marc:datafield tag="963" ind1=" " ind2=" ">
      <marc:subfield code="a">Katie Hurley; phone: 212-366-2527; email: katie.m.hurley@us.penguingroup.com; bc: katie.m.hurley@us.penguingroup.com</marc:subfield>
    </marc:datafield>
  </marc:record>